@article{2001OndansetronAlcoholics,
  title = {Ondansetron for Alcoholics},
  date = {2001-04},
  journaltitle = {The Harvard Mental Health Letter},
  shortjournal = {Harv Ment Health Lett},
  volume = {17},
  number = {10},
  eprint = {11343395},
  eprinttype = {pmid},
  pages = {7--8},
  issn = {1057-5022},
  langid = {english},
  language = {eng},
  timestamp = {2024-10-02T11:50:04Z}
}

@article{2012Abstracts,
  title = {Abstracts},
  date = {2012-09},
  journaltitle = {Alcoholism: Clinical and Experimental Research},
  shortjournal = {Alcoholism Clin \&amp;amp; Exp Res},
  volume = {36},
  number = {s2},
  pages = {1A-152A},
  issn = {1530-0277},
  doi = {10.1111/j.1530-0277.2012.01917.x},
  url = {https://onlinelibrary.wiley.com/doi/abs/10.1111/j.1530-0277.2012.01917.x},
  urldate = {2021-08-29},
  langid = {english},
  language = {en},
  timestamp = {2024-10-02T11:50:11Z},
  file = {Snapshot:/home/matias/.local/share/zotero/storage/TGSUV7C3/j.1530-0277.2012.01917.html:text/html}
}

@article{addolorato2013ManagementAlcoholDependence,
  title = {Management of {{Alcohol Dependence}} in {{Patients}} with {{Liver Disease}}},
  author = {Addolorato, Giovanni and Mirijello, Antonio and Leggio, Lorenzo and Ferrulli, Anna and Landolfi, Raffaele},
  date = {2013-03-01},
  journaltitle = {CNS Drugs},
  shortjournal = {CNS Drugs},
  volume = {27},
  number = {4},
  pages = {287--299},
  issn = {1172-7047, 1179-1934},
  doi = {10.1007/s40263-013-0043-4},
  url = {http://link.springer.com/10.1007/s40263-013-0043-4},
  urldate = {2020-03-31},
  langid = {english},
  language = {en},
  timestamp = {2024-10-02T11:50:11Z},
  file = {addolorato2013ManagementAlcoholDependence.pdf:/home/matias/.local/share/zotero/storage/INI9QYXD/addolorato2013ManagementAlcoholDependence.pdf:application/pdf}
}

@inproceedings{addolorato2015ManagementAlcoholDependence,
  title = {Management of Alcohol Dependence in Patients with Alcoholic Cirrhosis},
  booktitle = {Alcohol and Alcoholism},
  author = {Addolorato, G.},
  date = {2015},
  publisher = {John Wiley \& Sons, Ltd.},
  doi = {10.1002/central/CN-01468498},
  url = {https://www.cochranelibrary.com/central/doi/10.1002/central/CN-01468498/full},
  urldate = {2021-08-29},
  langid = {english},
  language = {en},
  timestamp = {2024-10-02T11:50:16Z},
  file = {addolorato2015ManagementAlcoholDependence.pdf:/home/matias/.local/share/zotero/storage/FI97TGQY/addolorato2015ManagementAlcoholDependence.pdf:application/pdf;Snapshot:/home/matias/.local/share/zotero/storage/JRCQ87PG/180814.html:text/html}
}

@article{addolorato2024SafetyComplianceLongterm,
  title = {Safety and Compliance of Long-Term Low-Dose Ondansetron in Alcohol Use Disorder Treatment},
  author = {Addolorato, Giovanni and Alho, Hannu and Bresciani M De Andrade, Paula and Lesch, Otto Michael and Liu, Lei and Johnson, Bankole},
  date = {2024-09},
  journaltitle = {European Journal of Internal Medicine},
  shortjournal = {Eur J Intern Med},
  volume = {127},
  eprint = {38521730},
  eprinttype = {pmid},
  pages = {43--49},
  issn = {1879-0828},
  doi = {10.1016/j.ejim.2024.03.017},
  langid = {english},
  language = {eng},
  timestamp = {2024-10-02T12:51:58Z},
  file = {addolorato2024SafetyComplianceLongterm.pdf:/home/matias/.local/share/zotero/storage/ZXDUJFZ9/addolorato2024SafetyComplianceLongterm.pdf:application/pdf}
}

@article{ait-daoud2001CombiningOndansetronNaltrexone,
  title = {Combining {{Ondansetron}} and {{Naltrexone Treats Biological Alcoholics}}: {{Corroboration}} of {{Self}}‐{{Reported Drinking}} by {{Serum Carbohydrate Deficient Transferrin}}, {{A Biomarker}}},
  shorttitle = {Combining {{Ondansetron}} and {{Naltrexone Treats Biological Alcoholics}}},
  author = {Ait‐Daoud, Nassima and Johnson, Bankole A. and Javors, Martin and Roache, John D. and Zanca, Nursen A.},
  date = {2001-06},
  journaltitle = {Alcoholism: Clinical and Experimental Research},
  shortjournal = {Alcoholism Clin \&amp;amp; Exp Res},
  volume = {25},
  number = {6},
  pages = {847--849},
  issn = {0145-6008, 1530-0277},
  doi = {10.1111/j.1530-0277.2001.tb02289.x},
  url = {http://doi.wiley.com/10.1111/j.1530-0277.2001.tb02289.x},
  urldate = {2020-01-19},
  langid = {english},
  language = {en},
  timestamp = {2024-10-02T11:50:03Z},
  file = {ait-daoud2001CombiningOndansetronNaltrexone.pdf:/home/matias/.local/share/zotero/storage/Y4FBGGXZ/ait-daoud2001CombiningOndansetronNaltrexone.pdf:application/pdf}
}

@article{ait-daoud2001CombiningOndansetronNaltrexonea,
  title = {Combining Ondansetron and Naltrexone Reduces Craving among Biologically Predisposed Alcoholics: Preliminary Clinical Evidence},
  shorttitle = {Combining Ondansetron and Naltrexone Reduces Craving among Biologically Predisposed Alcoholics},
  author = {Ait-Daoud, Nassima and Johnson, Bankole A. and Prihoda, Thomas J. and Hargita, Irene D.},
  date = {2001-02-22},
  journaltitle = {Psychopharmacology},
  shortjournal = {Psychopharmacology},
  volume = {154},
  number = {1},
  eprint = {11292002},
  eprinttype = {pmid},
  pages = {23--27},
  issn = {0033-3158},
  doi = {10.1007/s002130000607},
  langid = {english},
  language = {eng},
  timestamp = {2024-10-02T11:50:03Z},
  file = {ait-daoud2001CombiningOndansetronNaltrexonea.pdf:/home/matias/.local/share/zotero/storage/W2MNAJKW/ait-daoud2001CombiningOndansetronNaltrexonea.pdf:application/pdf}
}

@article{ait-daoud2002OndansetronNaltrexoneTreatment,
  title = {Ondansetron {{With}} and {{Without Naltrexone As}} a {{Treatment}} of {{Biologic Alcoholism}}: {{Concepts}} and {{Updated Findings}}},
  shorttitle = {Ondansetron with and without Naltrexone as a Treatment of Biologic Alcoholism},
  author = {Ait-Daoud, Nassima and Johnson, Bankole A.},
  date = {2002-09},
  journaltitle = {Addictive Disorders \&amp; Their Treatment},
  shortjournal = {Addictive Disorders \&amp; Their Treatment},
  volume = {1},
  number = {3},
  pages = {75--80},
  publisher = {Lippincott Williams \& Wilkins},
  issn = {1531-5754},
  doi = {10.1097/00132576-200209000-00001},
  url = {https://search.ebscohost.com/login.aspx?direct=true&db=psyh&AN=2014-41866-001&lang=fr&site=ehost-live},
  urldate = {2021-03-11},
  langid = {english},
  language = {en},
  timestamp = {2024-10-02T11:50:04Z},
  file = {ait-daoud2002OndansetronNaltrexoneTreatment.pdf:/home/matias/.local/share/zotero/storage/YTIMZEU6/ait-daoud2002OndansetronNaltrexoneTreatment.pdf:application/pdf}
}

@article{ait-daoud2009CanSerotoninTransporter,
  title = {Can Serotonin Transporter Genotype Predict Craving in Alcoholism?},
  author = {Ait-Daoud, Nassima and Roache, John D. and Dawes, Michael A. and Liu, Lei and Wang, Xin-Qun and Javors, Martin A. and Seneviratne, Chamindi and Johnson, Bankole A.},
  date = {2009-08},
  journaltitle = {Alcoholism, Clinical and Experimental Research},
  shortjournal = {Alcohol Clin Exp Res},
  volume = {33},
  number = {8},
  eprint = {19426172},
  eprinttype = {pmid},
  pages = {1329--1335},
  issn = {1530-0277},
  doi = {10.1111/j.1530-0277.2009.00962.x},
  langid = {english},
  language = {eng},
  pmcid = {PMC2747793},
  timestamp = {2024-10-02T11:50:07Z},
  file = {ait-daoud2009CanSerotoninTransporter.pdf:/home/matias/.local/share/zotero/storage/LQSQC25P/ait-daoud2009CanSerotoninTransporter.pdf:application/pdf}
}

@inproceedings{ait-daoud2013NoveltySeekingPredictor,
  title = {Novelty Seeking as a Predictor of Dropout from the Treatment of Alcohol Dependence with the 5-{{HT3}} Antagonist Ondansetron},
  booktitle = {Alcohol and Alcoholism.},
  author = {Ait-Daoud, N.},
  date = {2013},
  publisher = {John Wiley \& Sons, Ltd.},
  doi = {10.1002/central/CN-01061289},
  url = {https://www.cochranelibrary.com/central/doi/10.1002/central/CN-01061289/full},
  urldate = {2021-08-29},
  langid = {english},
  language = {en},
  timestamp = {2024-10-02T11:50:11Z}
}

@article{anton1996ObsessiveCompulsiveDrinking,
  title = {The Obsessive Compulsive Drinking Scale: {{A}} New Method of Assessing Outcome in Alcoholism Treatment Studies},
  shorttitle = {The Obsessive Compulsive Drinking Scale},
  author = {Anton, R. F. and Moak, D. H. and Latham, P. K.},
  date = {1996-03},
  journaltitle = {Archives of General Psychiatry},
  shortjournal = {Arch Gen Psychiatry},
  volume = {53},
  number = {3},
  eprint = {8611059},
  eprinttype = {pmid},
  pages = {225--231},
  issn = {0003-990X},
  doi = {10.1001/archpsyc.1996.01830030047008},
  langid = {english},
  language = {eng},
  timestamp = {2024-10-02T12:08:59Z}
}

@article{anton2003CurrentPharmacotherapiesAlcoholism,
  title = {Current {{Pharmacotherapies}} of {{Alcoholism}}: {{A U}}.{{S}}. {{Perspective}}},
  shorttitle = {Current Pharmacotherapies of Alcoholism},
  author = {Anton, Raymond F. and Swift, Robert M.},
  date = {2003-05-06},
  journaltitle = {The American Journal on Addictions},
  shortjournal = {American J Addict},
  volume = {12},
  number = {s1},
  eprint = {14972780},
  eprinttype = {pmid},
  pages = {s53-s68},
  issn = {1055-0496},
  doi = {10.1111/j.1521-0391.2003.tb00496.x},
  langid = {english},
  language = {en},
  timestamp = {2024-10-02T11:50:04Z},
  file = {anton2003CurrentPharmacotherapiesAlcoholism.pdf:/home/matias/.local/share/zotero/storage/MFZXFL6T/anton2003CurrentPharmacotherapiesAlcoholism.pdf:application/pdf}
}

@article{arias2012PharmacogeneticallyDrivenTreatments,
  title = {Pharmacogenetically {{Driven Treatments}} for {{Alcoholism}}},
  shorttitle = {Pharmacogenetically {{Driven Treatments}} for {{Alcoholism}}},
  author = {Arias, Albert J. and Sewell, R. Andrew},
  date = {2012-06},
  journaltitle = {CNS Drugs},
  shortjournal = {CNS Drugs},
  volume = {26},
  number = {6},
  pages = {461--476},
  issn = {1172-7047},
  doi = {10.2165/11633180-000000000-00000},
  url = {http://link.springer.com/10.2165/11633180-000000000-00000},
  urldate = {2020-03-31},
  langid = {english},
  language = {en},
  timestamp = {2024-10-02T11:50:09Z},
  file = {arias2012PharmacogeneticallyDrivenTreatments.pdf:/home/matias/.local/share/zotero/storage/ZCEXF3UJ/arias2012PharmacogeneticallyDrivenTreatments.pdf:application/pdf}
}

@article{attilia2018PharmacologicalTreatmentAlcohol,
  title = {Pharmacological Treatment of Alcohol Use Disorder. {{Scientific}} Evidence},
  author = {Attilia, Fabio and Perciballi, Roberta and Rotondo, Claudia and Capriglione, Ida and Iannuzzi, Silvia and Attilia, Maria Luisa and Vitali, Mario and Alessandrini, Giovanni and Scamporrino, Maria Concetta Marcella and Fiore, Marco and Ceccanti, Mauro and {Interdisciplinary Study Group CRARL - SITAC - SIPaD - SITD - SIPDip}},
  year = {2018 May-Jun},
  journaltitle = {Rivista Di Psichiatria},
  shortjournal = {Riv Psichiatr},
  volume = {53},
  number = {3},
  eprint = {29912214},
  eprinttype = {pmid},
  pages = {123--127},
  issn = {2038-2502},
  doi = {10.1708/2925.29414},
  langid = {english},
  language = {eng},
  timestamp = {2024-10-02T11:50:25Z},
  file = {attilia2018PharmacologicalTreatmentAlcohol.pdf:/home/matias/.local/share/zotero/storage/KCBBR75N/attilia2018PharmacologicalTreatmentAlcohol.pdf:application/pdf}
}

@article{aubin2024RepurposingDrugsTreatment,
  title = {Repurposing Drugs for Treatment of Alcohol Use Disorder},
  author = {Aubin, Henri-Jean},
  date = {2024},
  journaltitle = {International Review of Neurobiology},
  shortjournal = {Int Rev Neurobiol},
  volume = {175},
  eprint = {38555115},
  eprinttype = {pmid},
  pages = {153--185},
  issn = {2162-5514},
  doi = {10.1016/bs.irn.2024.02.002},
  langid = {english},
  language = {eng},
  timestamp = {2024-10-02T12:46:12Z}
}

@article{augoustides2005CustomizedAnestheticPreservation,
  title = {Customized {{Anesthetic Preservation}} of {{Ictal Threshold}} in {{Electroconvulsive Therapy}}},
  shorttitle = {Customized {{Anesthetic Preservation}} of {{Ictal Threshold}} in {{Electroconvulsive Therapy}}},
  author = {Augoustides, John G and Hosalkar, Hetal H and O'Reardon, John P and Kofke, W Andrew and Datto, Catherine J},
  date = {2005-06},
  journaltitle = {The Journal of ECT},
  shortjournal = {The Journal of ECT},
  volume = {21},
  number = {2},
  pages = {128--131},
  issn = {1095-0680},
  doi = {10.1097/01.yct.0000167463.71704.52},
  url = {http://journals.lww.com/00124509-200506000-00013},
  urldate = {2020-03-31},
  langid = {english},
  language = {en},
  timestamp = {2024-10-02T11:50:06Z}
}

@article{babor1992TypesAlcoholicsEvidence,
  title = {Types of {{Alcoholics}}, {{I}}: {{Evidence}} for an {{Empirically Derived Typology Based}} on {{Indicators}} of {{Vulnerability}} and {{Severity}}},
  shorttitle = {Types of {{Alcoholics}}, {{I}}},
  author = {Babor, Thomas F. and Hofmann, Michael and DelBoca, Frances K. and Hesselbrock, Victor and Meyer, Roger E. and Dolinsky, Zelig S. and Rounsaville, Bruce},
  date = {1992-08},
  journaltitle = {Archives of General Psychiatry},
  shortjournal = {Arch. Gen. Psychiatry},
  volume = {49},
  number = {8},
  pages = {599--608},
  issn = {0003-990X},
  doi = {10.1001/archpsyc.1992.01820080007002},
  url = {http://www.scopus.com/inward/record.url?scp=0026719298&partnerID=8YFLogxK},
  urldate = {2024-10-02},
  timestamp = {2024-10-02T12:17:45Z}
}

@article{bauer2015SerotonergicGeneVariation,
  title = {Serotonergic {{Gene Variation}} in {{Substance Use Pharmacotherapy}}: {{A Systematic Review}}},
  shorttitle = {Serotonergic Gene Variation in Substance Use Pharmacotherapy},
  author = {Bauer, Isabelle E and Graham, David P and Soares, Jair C and Nielsen, David A},
  date = {2015-07},
  journaltitle = {Pharmacogenomics},
  shortjournal = {Pharmacogenomics},
  volume = {16},
  number = {11},
  eprint = {26265436},
  eprinttype = {pmid},
  pages = {1305--1312},
  issn = {1744-8042},
  doi = {10.2217/pgs.15.72},
  langid = {english},
  language = {en},
  pmcid = {PMC4573253},
  timestamp = {2024-10-02T11:50:16Z},
  file = {bauer2015SerotonergicGeneVariation.pdf:/home/matias/.local/share/zotero/storage/JDZ8P2NZ/bauer2015SerotonergicGeneVariation.pdf:application/pdf}
}

@article{beardsley1994Serotonin5HT3Antagonists,
  title = {Serotonin 5-{{HT3}} Antagonists Fail to Affect Ethanol Self-Administration of Rats},
  author = {Beardsley, Patrick M. and Lopez, Oscar T. and Gullikson, Gary and Flynn, Daniel},
  date = {1994-09},
  journaltitle = {Alcohol},
  shortjournal = {Alcohol},
  volume = {11},
  number = {5},
  eprint = {7818797},
  eprinttype = {pmid},
  pages = {389--395},
  issn = {0741-8329},
  doi = {10.1016/0741-8329(94)90023-x},
  langid = {english},
  language = {en},
  timestamp = {2024-10-02T11:50:00Z}
}

@article{bharadwaj2018PharmacotherapyRelapsePrevention,
  title = {Pharmacotherapy for Relapse Prevention of Alcohol Use Disorder in the {{Indian}} Setting: {{A}} Systematic Review},
  shorttitle = {Pharmacotherapy for Relapse Prevention of Alcohol Use Disorder in the {{Indian}} Setting},
  author = {Bharadwaj, Balaji and Selvakumar, Nivedhitha and Kuppili, PoojaPatnaik},
  date = {2018},
  journaltitle = {Industrial Psychiatry Journal},
  shortjournal = {Ind Psychiatry J},
  volume = {27},
  number = {2},
  eprint = {31359967},
  eprinttype = {pmid},
  pages = {163},
  issn = {0972-6748},
  doi = {10.4103/ipj.ipj_79_17},
  langid = {english},
  language = {en},
  pmcid = {PMC6592216},
  timestamp = {2024-10-02T11:50:26Z},
  file = {bharadwaj2018PharmacotherapyRelapsePrevention.epub:/home/matias/.local/share/zotero/storage/YQN6QBQL/bharadwaj2018PharmacotherapyRelapsePrevention.epub:application/epub+zip;Pharmacotherapy for relapse prevention of alcohol use disorder in the Indian setting\: A systematic review:/home/matias/.local/share/zotero/storage/WH4QBIKN/PMC6592216.html:text/html}
}

@article{blevins2021RandomizedDoubleblindPlacebocontrolled,
  title = {A Randomized, Double-Blind, Placebo-Controlled Trial of Ondansetron for the Treatment of Cocaine Use Disorder with Post Hoc Pharmacogenetic Analysis},
  author = {Blevins, Derek and Seneviratne, Chamindi and Wang, Xin-Qun and Johnson, Bankole A. and Ait-Daoud, Nassima},
  date = {2021-11-01},
  journaltitle = {Drug and Alcohol Dependence},
  shortjournal = {Drug Alcohol Depend},
  volume = {228},
  eprint = {34600264},
  eprinttype = {pmid},
  pages = {109074},
  issn = {1879-0046},
  doi = {10.1016/j.drugalcdep.2021.109074},
  langid = {english},
  language = {eng},
  pmcid = {PMC8595865},
  timestamp = {2024-10-02T12:51:08Z},
  file = {blevins2021RandomizedDoubleblindPlacebocontrolled.pdf:/home/matias/.local/share/zotero/storage/SAUYAV66/blevins2021RandomizedDoubleblindPlacebocontrolled.pdf:application/pdf}
}

@article{borgundvaag2024GuidelinesReasonableAppropriate,
  title = {Guidelines for {{Reasonable}} and {{Appropriate Care}} in the {{Emergency Department}} ({{GRACE-4}}): {{Alcohol}} Use Disorder and Cannabinoid Hyperemesis Syndrome Management in the Emergency Department},
  shorttitle = {Guidelines for {{Reasonable}} and {{Appropriate Care}} in the {{Emergency Department}} ({{GRACE-4}})},
  author = {Borgundvaag, Bjug and Bellolio, Fernanda and Miles, Isabelle and Schwarz, Evan S. and Sharif, Sameer and Su, Mark K. and Baumgartner, Kevin and Liss, David B. and Sheikh, Hasan and Vogel, Jody and Austin, Emily B. and Upadhye, Suneel and Klaiman, Michelle and Vellend, Robert and Munkley, Anna and Carpenter, Christopher R.},
  date = {2024-05},
  journaltitle = {Academic Emergency Medicine: Official Journal of the Society for Academic Emergency Medicine},
  shortjournal = {Acad Emerg Med},
  volume = {31},
  number = {5},
  eprint = {38747203},
  eprinttype = {pmid},
  pages = {425--455},
  issn = {1553-2712},
  doi = {10.1111/acem.14911},
  langid = {english},
  language = {eng},
  timestamp = {2024-10-02T12:39:28Z}
}

@inproceedings{brown2019RandomizedDoubleblindPlacebocontrolled,
  title = {A Randomized, Double-Blind, Placebo-Controlled Proof-of-Concept Study of Ondansetron for Alcohol Use Disorder in Outpatients with Bipolar and Related Disorders | {{Cochrane Library}}},
  author = {Brown},
  date = {2019},
  doi = {10.1002/central/CN-02119403},
  url = {https://www.cochranelibrary.com/central/doi/10.1002/central/CN-02119403/full},
  urldate = {2021-08-29},
  langid = {american},
  language = {en-US},
  timestamp = {2024-10-02T11:50:30Z}
}

@article{brown2021RandomizedDoubleblindPlacebocontrolled,
  title = {A Randomized, Double-Blind, Placebo-Controlled Proof-of-Concept Study of Ondansetron for Bipolar and Related Disorders and Alcohol Use Disorder},
  author = {Brown, E. Sherwood and McArdle, Meagan and Palka, Jayme and Bice, Collette and Ivleva, Elena and Nakamura, Alyson and McNutt, Markey and Patel, Zena and Holmes, Traci and Tipton, Shane},
  date = {2021-02},
  journaltitle = {European Neuropsychopharmacology},
  shortjournal = {European Neuropsychopharmacology},
  volume = {43},
  eprint = {33402258},
  eprinttype = {pmid},
  pages = {92--101},
  issn = {1873-7862},
  doi = {10.1016/j.euroneuro.2020.12.006},
  langid = {english},
  language = {en},
  timestamp = {2024-10-02T12:01:54Z},
  file = {sherwoodbrown2021RandomizedDoubleblindPlacebocontrolled.pdf:/home/matias/.local/share/zotero/storage/34NKSZRW/sherwoodbrown2021RandomizedDoubleblindPlacebocontrolled.pdf:application/pdf}
}

@article{burnette2022NovelAgentsPharmacological,
  title = {Novel {{Agents}} for the {{Pharmacological Treatment}} of {{Alcohol Use Disorder}}},
  author = {Burnette, Elizabeth M. and Nieto, Steven J. and Grodin, Erica N. and Meredith, Lindsay R. and Hurley, Brian and Miotto, Karen and Gillis, Artha J. and Ray, Lara A.},
  date = {2022-02},
  journaltitle = {Drugs},
  shortjournal = {Drugs},
  volume = {82},
  number = {3},
  eprint = {35133639},
  eprinttype = {pmid},
  pages = {251--274},
  issn = {1179-1950},
  doi = {10.1007/s40265-021-01670-3},
  langid = {english},
  language = {eng},
  pmcid = {PMC8888464},
  timestamp = {2024-10-02T12:50:35Z},
  file = {burnette2022NovelAgentsPharmacological.pdf:/home/matias/.local/share/zotero/storage/QZKDRDNP/burnette2022NovelAgentsPharmacological.pdf:application/pdf}
}

@article{campbell2020SynthesisMetaanalysisSWiM,
  title = {Synthesis without Meta-Analysis ({{SWiM}}) in Systematic Reviews: Reporting Guideline},
  shorttitle = {Synthesis without Meta-Analysis ({{SWiM}}) in Systematic Reviews},
  author = {Campbell, Mhairi and McKenzie, Joanne E and Sowden, Amanda and Katikireddi, Srinivasa Vittal and Brennan, Sue E and Ellis, Simon and Hartmann-Boyce, Jamie and Ryan, Rebecca and Shepperd, Sasha and Thomas, James and Welch, Vivian and Thomson, Hilary},
  date = {2020-01-16},
  journaltitle = {BMJ},
  shortjournal = {BMJ},
  volume = {368},
  eprint = {31948937},
  eprinttype = {pmid},
  pages = {l6890},
  publisher = {British Medical Journal Publishing Group},
  issn = {1756-1833},
  doi = {10.1136/bmj.l6890},
  url = {https://www.bmj.com/content/368/bmj.l6890},
  urldate = {2024-10-02},
  langid = {english},
  language = {en},
  timestamp = {2024-10-02T11:50:32Z},
  file = {campbell2020SynthesisMetaanalysisSWiM.pdf:/home/matias/.local/share/zotero/storage/QQ6LF2BW/campbell2020SynthesisMetaanalysisSWiM.pdf:application/pdf}
}

@article{canli2007LongStoryShort,
  title = {Long Story Short: The Serotonin Transporter in Emotion Regulation and Social Cognition},
  shorttitle = {Long Story Short},
  author = {Canli, Turhan and Lesch, Klaus-Peter},
  date = {2007-08-28},
  journaltitle = {Nature Neuroscience},
  shortjournal = {Nat Neurosci},
  volume = {10},
  number = {9},
  pages = {1103--1109},
  issn = {1097-6256, 1546-1726},
  doi = {10.1038/nn1964},
  url = {http://www.nature.com/articles/nn1964},
  urldate = {2020-04-04},
  langid = {english},
  language = {en},
  timestamp = {2024-10-02T11:50:07Z},
  file = {canli2007LongStoryShort.pdf:/home/matias/.local/share/zotero/storage/U5HAR3ZD/canli2007LongStoryShort.pdf:application/pdf}
}

@article{castren2019SelectingAppropriateAlcohol,
  title = {Selecting an Appropriate Alcohol Pharmacotherapy},
  shorttitle = {Selecting an Appropriate Alcohol Pharmacotherapy},
  author = {Castrén, Sari and Mäkelä, Niklas and Alho, Hannu},
  date = {2019-07},
  journaltitle = {Current Opinion in Psychiatry},
  shortjournal = {Curr Opin Psychiatry},
  volume = {32},
  number = {4},
  eprint = {30973369},
  eprinttype = {pmid},
  pages = {266--274},
  issn = {1473-6578},
  doi = {10.1097/YCO.0000000000000512},
  langid = {english},
  language = {en},
  timestamp = {2024-10-02T11:50:31Z},
  file = {castren2019SelectingAppropriateAlcohol.pdf:/home/matias/.local/share/zotero/storage/IQEX4I68/castren2019SelectingAppropriateAlcohol.pdf:application/pdf;Snapshot:/home/matias/.local/share/zotero/storage/FB95XPZS/crossref.html:text/html}
}

@article{castro2004TratamentoFarmacologicoDependencia,
  title = {Tratamento farmacológico da dependência do álcool},
  author = {Castro, Luís André and Baltieri, Danilo Antonio},
  date = {2004-05},
  journaltitle = {Revista Brasileira de Psiquiatria},
  shortjournal = {Rev. Bras. Psiquiatr.},
  volume = {26},
  eprint = {15729444},
  eprinttype = {pmid},
  pages = {43--46},
  issn = {1516-4446},
  doi = {10.1590/s1516-44462004000500011},
  issue = {suppl 1},
  langid = {portuguese},
  language = {por},
  timestamp = {2024-10-02T11:50:05Z},
  file = {castro2004TratamentoFarmacologicoDependencia.pdf:/home/matias/.local/share/zotero/storage/J8YYI274/castro2004TratamentoFarmacologicoDependencia.pdf:application/pdf}
}

@article{chaffee1991OndansetrontheFirstNew,
  title = {Ondansetron--the First of a New Class of Antiemetic Agents},
  author = {Chaffee, B. J. and Tankanow, R. M.},
  date = {1991-06},
  journaltitle = {Clinical Pharmacy},
  shortjournal = {Clin Pharm},
  volume = {10},
  number = {6},
  eprint = {1829668},
  eprinttype = {pmid},
  pages = {430--446},
  issn = {0278-2677},
  langid = {english},
  language = {eng},
  timestamp = {2024-10-02T11:49:59Z}
}

@online{ChangesAffectDrinking,
  title = {Changes in Affect and Drinking Outcomes in a Pharmacobehavioral Trial for Alcohol Dependence | {{Cochrane Library}}},
  doi = {10.1002/central/CN-01018484},
  url = {https://www.cochranelibrary.com/central/doi/10.1002/central/CN-01018484/full},
  urldate = {2021-08-29},
  langid = {american},
  language = {en-US},
  timestamp = {2024-10-02T11:49:53Z}
}

@article{chu2015AcuteOpioidWithdrawal,
  title = {Acute Opioid Withdrawal Is Associated with Increased Neural Activity in Reward-Processing Centers in Healthy Men: {{A}} Functional Magnetic Resonance Imaging Study},
  shorttitle = {Acute Opioid Withdrawal Is Associated with Increased Neural Activity in Reward-Processing Centers in Healthy Men},
  author = {Chu, Larry F. and Lin, Joanne C. and Clemenson, Anna and Encisco, Ellen and Sun, John and Hoang, Dan and Alva, Heather and Erlendson, Matthew and Clark, J. David and Younger, Jarred W.},
  date = {2015-08},
  journaltitle = {Drug and Alcohol Dependence},
  shortjournal = {Drug and Alcohol Dependence},
  volume = {153},
  eprint = {26059463},
  eprinttype = {pmid},
  pages = {314--322},
  publisher = {Elsevier Science},
  issn = {0376-8716},
  doi = {10.1016/j.drugalcdep.2015.04.019},
  url = {https://search.ebscohost.com/login.aspx?direct=true&db=psyh&AN=2015-26121-001&lang=fr&site=ehost-live},
  urldate = {2021-03-09},
  langid = {english},
  language = {en},
  timestamp = {2024-10-02T11:50:16Z}
}

@article{chu2018OndansetronDoesNot,
  title = {Ondansetron Does Not Prevent Physical Dependence in Patients Taking Opioid Medications Chronically for Pain Control},
  author = {Chu, Larry F. and Rico, Tom and Cornell, Erika and Obasi, Hannah and Encisco, Ellen M. and Vertelney, Haley and Gamble, Jamison G. and Crawford, Clayton W. and Sun, John and Clemenson, Anna and Erlendson, Matthew J. and Okada, Robin and Carroll, Ian and Clark, J. David},
  date = {2018-02},
  journaltitle = {Drug and Alcohol Dependence},
  shortjournal = {Drug and Alcohol Dependence},
  volume = {183},
  pages = {176--183},
  publisher = {Elsevier Science},
  issn = {0376-8716},
  doi = {10.1016/j.drugalcdep.2017.06.043},
  url = {https://search.ebscohost.com/login.aspx?direct=true&db=psyh&AN=2018-05035-028&lang=fr&site=ehost-live},
  urldate = {2021-03-09},
  langid = {english},
  language = {en},
  timestamp = {2024-10-02T11:50:26Z},
  file = {chu2018OndansetronDoesNot.pdf:/home/matias/.local/share/zotero/storage/5YGL2M34/chu2018OndansetronDoesNot.pdf:application/pdf;chu2018OndansetronDoesNot.pdf:/home/matias/.local/share/zotero/storage/7Y7ACFLL/chu2018OndansetronDoesNot.pdf:application/pdf}
}

@article{ciraulo2003OutcomePredictorsSubstance,
  title = {Outcome Predictors in Substance Use Disorders},
  author = {Ciraulo, Domenic A and Piechniczek-Buczek, Joanna and Iscan, E.Nalan},
  date = {2003-06},
  journaltitle = {Psychiatric Clinics of North America},
  shortjournal = {Psychiatric Clinics of North America},
  volume = {26},
  number = {2},
  pages = {381--409},
  issn = {0193953X},
  doi = {10.1016/S0193-953X(02)00106-5},
  url = {https://linkinghub.elsevier.com/retrieve/pii/S0193953X02001065},
  urldate = {2020-03-31},
  langid = {english},
  language = {en},
  timestamp = {2024-10-02T11:50:04Z}
}

@inproceedings{clifford2011GroupDesignNontreatment,
  title = {A Within-Group Design of Nontreatment Seeking 5-{{HTTLPR}} Genotyped Alcohol-Dependent Subjects Receiving Ondansetron and Sertraline: Future Directions1},
  shorttitle = {A Within-Group Design of Nontreatment Seeking 5-{{HTTLPR}} Genotyped Alcohol-Dependent Subjects Receiving Ondansetron and Sertraline},
  booktitle = {Behavior Genetics},
  author = {Clifford, J.},
  date = {2011},
  publisher = {John Wiley \& Sons, Ltd.},
  doi = {10.1002/central/CN-01034999},
  url = {https://www.cochranelibrary.com/central/doi/10.1002/central/CN-01034999/full},
  urldate = {2021-08-29},
  langid = {english},
  language = {en},
  timestamp = {2024-10-02T11:50:08Z}
}

@online{ClinicalEfficacy5HT3,
  title = {Clinical Efficacy of the 5-{{HT3}} Antagonist Ondansetron in Alcohol Abuse and Dependence | {{Cochrane Library}}},
  doi = {10.1002/central/CN-00107235},
  url = {https://www.cochranelibrary.com/central/doi/10.1002/central/CN-00107235/full},
  urldate = {2021-08-29},
  langid = {american},
  language = {en-US},
  timestamp = {2024-10-02T11:49:53Z}
}

@article{cloninger1987SystematicMethodClinical,
  title = {A Systematic Method for Clinical Description and Classification of Personality Variants. {{A}} Proposal},
  author = {Cloninger, C. R.},
  date = {1987-06},
  journaltitle = {Archives of General Psychiatry},
  shortjournal = {Arch Gen Psychiatry},
  volume = {44},
  number = {6},
  eprint = {3579504},
  eprinttype = {pmid},
  pages = {573--588},
  issn = {0003-990X},
  doi = {10.1001/archpsyc.1987.01800180093014},
  langid = {english},
  language = {eng},
  timestamp = {2024-10-02T12:19:59Z}
}

@article{collins2006DrugAdjunctsTreating,
  title = {Drug Adjuncts for Treating Alcohol Dependence.},
  author = {Collins, G. B and McAllister, M. S and Adury, K.},
  date = {2006-07-01},
  journaltitle = {Cleveland Clinic Journal of Medicine},
  shortjournal = {Cleveland Clinic Journal of Medicine},
  volume = {73},
  number = {7},
  eprint = {16845975},
  eprinttype = {pmid},
  pages = {641--644},
  issn = {0891-1150},
  doi = {10.3949/ccjm.73.7.641},
  langid = {english},
  language = {en},
  timestamp = {2024-10-02T11:50:06Z},
  file = {collins2006DrugAdjunctsTreating.pdf:/home/matias/.local/share/zotero/storage/Y96N39LR/collins2006DrugAdjunctsTreating.pdf:application/pdf}
}

@article{correafilho2013PilotStudyFulldose,
  title = {A Pilot Study of Full-Dose Ondansetron to Treat Heavy-Drinking Men Withdrawing from Alcohol in {{Brazil}}},
  author = {Corrêa Filho, João Maria and Baltieri, Danilo Antonio},
  date = {2013-04},
  journaltitle = {Addictive Behaviors},
  shortjournal = {Addictive Behaviors},
  volume = {38},
  number = {4},
  pages = {2044--2051},
  issn = {03064603},
  doi = {10.1016/j.addbeh.2012.12.018},
  url = {https://linkinghub.elsevier.com/retrieve/pii/S030646031200408X},
  urldate = {2020-01-19},
  langid = {english},
  language = {en},
  timestamp = {2024-10-02T11:50:11Z},
  file = {correafilho2013PilotStudyFulldose.pdf:/home/matias/.local/share/zotero/storage/62X7INDN/correafilho2013PilotStudyFulldose.pdf:application/pdf}
}

@article{costall1993BreadthAction5HT3,
  title = {The Breadth of Action of the 5-{{HT3}} Receptor Antagonists},
  author = {Costall, B.},
  date = {1993-11},
  journaltitle = {International Clinical Psychopharmacology},
  shortjournal = {International Clinical Psychopharmacology},
  volume = {8},
  eprint = {8201244},
  eprinttype = {pmid},
  pages = {3--10},
  publisher = {Lippincott Williams \& Wilkins},
  issn = {0268-1315},
  doi = {10.1097/00004850-199311002-00001},
  url = {https://search.ebscohost.com/login.aspx?direct=true&db=psyh&AN=1994-38460-001&lang=fr&site=ehost-live},
  urldate = {2021-03-09},
  issue = {Suppl 2},
  langid = {english},
  language = {en},
  timestamp = {2024-10-02T11:49:59Z}
}

@article{cservenka2016ReviewPharmacogeneticsAlcoholism,
  title = {Review: {{Pharmacogenetics}} of Alcoholism Treatment: {{Implications}} of Ethnic Diversity},
  shorttitle = {Review},
  author = {Cservenka, Anita and Yardley, Megan M. and Ray, Lara A.},
  date = {2016-11-04},
  journaltitle = {The American Journal on Addictions},
  shortjournal = {American J Addict},
  volume = {26},
  number = {5},
  eprint = {28134463},
  eprinttype = {pmid},
  pages = {516--525},
  issn = {1521-0391},
  doi = {10.1111/ajad.12463},
  langid = {english},
  language = {en},
  pmcid = {PMC5484746},
  timestamp = {2024-10-02T11:50:24Z},
  file = {cservenka2016ReviewPharmacogeneticsAlcoholism.pdf:/home/matias/.local/share/zotero/storage/GZBKXIDQ/cservenka2016ReviewPharmacogeneticsAlcoholism.pdf:application/pdf}
}

@article{cucchia1998UltrarapidOpiateDetoxification,
  title = {Ultra-Rapid Opiate Detoxification Using Deep Sedation with Oral Midazolam: Short and Long-Term Results},
  shorttitle = {Ultra-Rapid Opiate Detoxification Using Deep Sedation with Oral Midazolam},
  author = {Cucchia, Anne Thérèse and Monnat, Martine and Spagnoli, Jacques and Ferrero, François and Bertschy, Gilles},
  date = {1998-11},
  journaltitle = {Drug and Alcohol Dependence},
  shortjournal = {Drug and Alcohol Dependence},
  volume = {52},
  number = {3},
  eprint = {9839150},
  eprinttype = {pmid},
  pages = {243--250},
  publisher = {Elsevier Science},
  issn = {0376-8716},
  doi = {10.1016/S0376-8716(98)00100-8},
  url = {https://search.ebscohost.com/login.aspx?direct=true&db=psyh&AN=1998-11811-008&lang=fr&site=ehost-live},
  urldate = {2021-03-09},
  langid = {english},
  language = {en},
  timestamp = {2024-10-02T11:50:01Z}
}

@article{cundy2016FasttrackSurgeryUncomplicated,
  title = {Fast‐track Surgery for Uncomplicated Appendicitis in Children: A Matched Case–Control Study},
  shorttitle = {Fast-Track Surgery for Uncomplicated Appendicitis in Children},
  author = {Cundy, Thomas P. and Sierakowski, Kyra and Manna, Alexandra and Cooper, Celia M. and Burgoyne, Laura L. and Khurana, Sanjeev},
  date = {2016-09-06},
  journaltitle = {ANZ Journal of Surgery},
  shortjournal = {ANZ Journal of Surgery},
  volume = {87},
  number = {4},
  eprint = {27599307},
  eprinttype = {pmid},
  pages = {271--276},
  issn = {1445-2197},
  doi = {10.1111/ans.13744},
  langid = {english},
  language = {en},
  timestamp = {2024-10-02T11:50:24Z}
}

@article{dawes2005ProspectiveOpenlabelTrial,
  title = {A Prospective, Open-Label Trial of Ondansetron in Adolescents with Alcohol Dependence},
  author = {Dawes, Michael A. and Johnson, Bankole A. and Ait-Daoud, Nassima and Ma, Jennie Z. and Cornelius, Jack R.},
  date = {2005-07},
  journaltitle = {Addictive Behaviors},
  shortjournal = {Addictive Behaviors},
  volume = {30},
  number = {6},
  eprint = {15925118},
  eprinttype = {pmid},
  pages = {1077--1085},
  issn = {0306-4603},
  doi = {10.1016/j.addbeh.2004.10.011},
  langid = {english},
  language = {en},
  timestamp = {2024-10-02T11:50:06Z},
  file = {dawes2005ProspectiveOpenlabelTrial.pdf:/home/matias/.local/share/zotero/storage/QIZNMHQU/dawes2005ProspectiveOpenlabelTrial.pdf:application/pdf}
}

@article{dawes2005ReductionsRelationsCraving,
  title = {Reductions in and Relations between “Craving” and Drinking in a Prospective, Open-Label Trial of Ondansetron in Adolescents with Alcohol Dependence},
  author = {Dawes, Michael A. and Johnson, Bankole A. and Ma, Jennie Z. and Ait-Daoud, Nassima and Thomas, Suzanne E. and Cornelius, Jack R.},
  date = {2005-10},
  journaltitle = {Addictive Behaviors},
  shortjournal = {Addictive Behaviors},
  volume = {30},
  number = {9},
  eprint = {16084024},
  eprinttype = {pmid},
  pages = {1630--1637},
  issn = {0306-4603},
  doi = {10.1016/j.addbeh.2005.07.004},
  langid = {english},
  language = {en},
  timestamp = {2024-10-02T11:50:06Z},
  file = {dawes2005ReductionsRelationsCraving.pdf:/home/matias/.local/share/zotero/storage/AR3497TB/dawes2005ReductionsRelationsCraving.pdf:application/pdf;dawes2005ReductionsRelationsCraving.pdf:/home/matias/.local/share/zotero/storage/LR4898U3/dawes2005ReductionsRelationsCraving.pdf:application/pdf}
}

@article{depetrillo2000OndansetronModulatesPharmacodynamic,
  title = {Ondansetron Modulates Pharmacodynamic Effects of Ketamine on Electrocardiographic Signals in Rhesus Monkeys},
  author = {DePetrillo, Paolo B and Bennett, Allyson J and Speers, d'Armond and Suomi, Stephen J and Shoaf, Susan E and Karimullah, Kamran and Dee Higley, J},
  date = {2000-03},
  journaltitle = {European Journal of Pharmacology},
  shortjournal = {European Journal of Pharmacology},
  volume = {391},
  number = {1-2},
  pages = {113--119},
  issn = {00142999},
  doi = {10.1016/S0014-2999(00)00056-X},
  url = {https://linkinghub.elsevier.com/retrieve/pii/S001429990000056X},
  urldate = {2020-03-31},
  langid = {english},
  language = {en},
  timestamp = {2024-10-02T11:50:02Z}
}

@online{DeterminationGenotypeCombinations,
  title = {Determination of Genotype Combinations That Can Predict the Outcome of the Treatment of Alcohol Dependence Using the 5-{{HT}}(3) Antagonist Ondansetron | {{Cochrane Library}}},
  doi = {10.1002/central/CN-00876140},
  url = {https://www.cochranelibrary.com/central/doi/10.1002/central/CN-00876140/full},
  urldate = {2021-08-29},
  langid = {american},
  language = {en-US},
  timestamp = {2024-10-02T11:49:54Z}
}

@article{dichiara1988DrugsAbusedHumans,
  title = {Drugs Abused by Humans Preferentially Increase Synaptic Dopamine Concentrations in the Mesolimbic System of Freely Moving Rats.},
  author = {Di Chiara, G and Imperato, A},
  date = {1988-07},
  journaltitle = {Proceedings of the National Academy of Sciences},
  shortjournal = {Proc. Natl. Acad. Sci. U.S.A.},
  volume = {85},
  number = {14},
  eprint = {2899326},
  eprinttype = {pmid},
  pages = {5274--5278},
  publisher = {National Academy of Sciences},
  issn = {0027-8424, 1091-6490},
  doi = {10.1073/pnas.85.14.5274},
  url = {https://www.pnas.org/content/85/14/5274},
  urldate = {2020-08-15},
  langid = {english},
  language = {en},
  timestamp = {2024-10-02T11:49:59Z},
  file = {dichiara1988DrugsAbusedHumans.pdf:/home/matias/.local/share/zotero/storage/LYEXGVVQ/dichiara1988DrugsAbusedHumans.pdf:application/pdf;Snapshot:/home/matias/.local/share/zotero/storage/96MWJZ6D/5274.html:text/html}
}

@article{diehl2003PharmakotherapieRueckfallprophylaxeBei,
  title = {Pharmakotherapie - Rückfallprophylaxe bei Alkoholabhängigkeit},
  author = {Diehl, A. and Smolka, M. N. and Mann, K.},
  date = {2003-08},
  journaltitle = {Der Klinikarzt},
  shortjournal = {Klinikarzt},
  volume = {32},
  number = {9},
  pages = {313--317},
  publisher = {© Georg Thieme Verlag Stuttgart · New York},
  issn = {0341-2350, 1439-3859},
  doi = {10.1055/s-2003-42387},
  url = {http://www.thieme-connect.de/DOI/DOI?10.1055/s-2003-42387},
  urldate = {2021-08-29},
  langid = {ngerman},
  language = {de},
  timestamp = {2024-10-02T11:50:04Z},
  file = {diehl2003PharmakotherapieRueckfallprophylaxeBei.pdf:/home/matias/.local/share/zotero/storage/D7VFUXV2/diehl2003PharmakotherapieRueckfallprophylaxeBei.pdf:application/pdf;Snapshot:/home/matias/.local/share/zotero/storage/V3F9CGMM/s-2003-42387.html:text/html}
}

@article{edwards2011CurrentPromisingPharmacotherapies,
  title = {Current and {{Promising Pharmacotherapies}}, and {{Novel Research Target Areas}} in the {{Treatment}} of {{Alcohol Dependence}}: {{A Review}}},
  shorttitle = {Current and Promising Pharmacotherapies, and Novel Research Target Areas in the Treatment of Alcohol Dependence},
  author = {Edwards, Steven M. and A. Kenna, George and M. Swift, Robert and Leggio, Lorenzo},
  date = {2011-05-01},
  journaltitle = {Current Pharmaceutical Design},
  shortjournal = {CPD},
  volume = {17},
  number = {14},
  eprint = {21524263},
  eprinttype = {pmid},
  pages = {1323--1332},
  issn = {1873-4286},
  doi = {10.2174/138161211796150765},
  langid = {english},
  language = {en},
  timestamp = {2024-10-02T11:50:09Z},
  file = {m.edwards2011CurrentPromisingPharmacotherapies.pdf:/home/matias/.local/share/zotero/storage/CGLJTQ2J/m.edwards2011CurrentPromisingPharmacotherapies.pdf:application/pdf}
}

@online{EffectNaltrexoneOndansetron,
  title = {Effect of Naltrexone and Ondansetron on Alcohol Cue-Induced Activation of the Ventral Striatum in Alcohol-Dependent People | {{Cochrane Library}}},
  doi = {10.1002/central/CN-00631182},
  url = {https://www.cochranelibrary.com/central/doi/10.1002/central/CN-00631182/full},
  urldate = {2021-08-29},
  langid = {american},
  language = {en-US},
  timestamp = {2024-10-02T11:49:55Z}
}

@incollection{elkashef2012PharmacotherapyAddiction,
  title = {Pharmacotherapy of Addiction},
  booktitle = {Drug Abuse and Addiction in Medical Illness: {{Causes}}, Consequences and Treatment.},
  author = {Elkashef, Ahmed and Montoya, Ivan},
  editor = {Verster, Joris C. and Brady, Kathleen and Galanter, Marc and Conrod, Patricia},
  date = {2012},
  pages = {107--119},
  publisher = {Springer Science + Business Media},
  location = {New York, NY},
  doi = {10.1007/978-1-4614-3375-0_8},
  url = {https://search.ebscohost.com/login.aspx?direct=true&db=psyh&AN=2012-20266-008&lang=fr&site=ehost-live},
  urldate = {2021-03-09},
  isbn = {978-1-4614-3374-3},
  timestamp = {2024-10-02T11:50:09Z}
}

@article{enoch2010FunctionalGeneticVariants,
  title = {Functional Genetic Variants That Increase Synaptic Serotonin and 5-{{HT3}} Receptor Sensitivity Predict Alcohol and Drug Dependence},
  author = {Enoch, M-A and Gorodetsky, E and Hodgkinson, C and Roy, A and Goldman, D},
  date = {2010-09-14},
  journaltitle = {Molecular Psychiatry},
  shortjournal = {Mol Psychiatry},
  volume = {16},
  number = {11},
  eprint = {20838391},
  eprinttype = {pmid},
  pages = {1139--1146},
  issn = {1476-5578},
  doi = {10.1038/mp.2010.94},
  langid = {english},
  language = {en},
  pmcid = {PMC3003772},
  timestamp = {2024-10-02T11:50:08Z},
  file = {enoch2010FunctionalGeneticVariants.pdf:/home/matias/.local/share/zotero/storage/ISQIXNDX/enoch2010FunctionalGeneticVariants.pdf:application/pdf}
}

@article{enoch2014GeneticInfluencesResponse,
  title = {Genetic Influences on Response to Alcohol and Response to Pharmacotherapies for Alcoholism},
  author = {Enoch, Mary-Anne},
  date = {2014-08},
  journaltitle = {Pharmacology Biochemistry and Behavior},
  shortjournal = {Pharmacology Biochemistry and Behavior},
  volume = {123},
  eprint = {24220019},
  eprinttype = {pmid},
  pages = {17--24},
  issn = {1873-5177},
  doi = {10.1016/j.pbb.2013.11.001},
  langid = {english},
  language = {en},
  pmcid = {PMC4016188},
  timestamp = {2024-10-02T11:50:13Z},
  file = {enoch2014GeneticInfluencesResponse.pdf:/home/matias/.local/share/zotero/storage/X2ZPPJ7K/enoch2014GeneticInfluencesResponse.pdf:application/pdf}
}

@article{fischler2022LabelInvestigationalDrugs,
  title = {Off-Label and Investigational Drugs in the Treatment of Alcohol Use Disorder: {{A}} Critical Review},
  shorttitle = {Off-Label and Investigational Drugs in the Treatment of Alcohol Use Disorder},
  author = {Fischler, Pascal Valentin and Soyka, Michael and Seifritz, Erich and Mutschler, Jochen},
  date = {2022},
  journaltitle = {Frontiers in Pharmacology},
  shortjournal = {Front Pharmacol},
  volume = {13},
  eprint = {36263121},
  eprinttype = {pmid},
  pages = {927703},
  issn = {1663-9812},
  doi = {10.3389/fphar.2022.927703},
  langid = {english},
  language = {eng},
  pmcid = {PMC9574013},
  timestamp = {2024-10-02T12:50:02Z},
  file = {fischler2022LabelInvestigationalDrugs.pdf:/home/matias/.local/share/zotero/storage/45YXAXEW/fischler2022LabelInvestigationalDrugs.pdf:application/pdf}
}

@article{gordon2001DoesAlcoholicsRemedy,
  title = {Does the Alcoholic's Remedy Come in a Pill?},
  author = {Gordon, S. M.},
  date = {2001-08},
  journaltitle = {Behavioral Healthcare Tomorrow},
  shortjournal = {Behav Healthc Tomorrow},
  volume = {10},
  number = {4},
  eprint = {11496583},
  eprinttype = {pmid},
  pages = {SR29-30, SR34},
  issn = {1063-8490},
  langid = {english},
  language = {eng},
  timestamp = {2024-10-02T11:50:03Z}
}

@article{grant1991BlockadeDiscriminativeStimulus,
  title = {Blockade of the Discriminative Stimulus Effects of Ethanol with 5-{{HT3}} Receptor Antagonists},
  author = {Grant, Kathleen A. and Barrett, James E.},
  date = {1991-08},
  journaltitle = {Psychopharmacology},
  shortjournal = {Psychopharmacology},
  volume = {104},
  number = {4},
  pages = {451--456},
  issn = {1432-2072},
  doi = {10.1007/BF02245648},
  url = {https://doi.org/10.1007/BF02245648},
  urldate = {2020-08-15},
  langid = {english},
  language = {en},
  timestamp = {2024-10-02T11:49:59Z},
  file = {grant1991BlockadeDiscriminativeStimulus.pdf:/home/matias/.local/share/zotero/storage/MEF7T37R/grant1991BlockadeDiscriminativeStimulus.pdf:application/pdf}
}

@article{graves2020DirectiveCliniqueNo,
  title = {Directive Clinique No~405~: {{Dépistage}} et Conseils En Matière de Consommation d'alcool Pendant La Grossesse},
  shorttitle = {Directive Clinique No~405},
  author = {Graves, Dre Lisa and Carson, Dr George and Poole, Nancy and Patel, Dre Tejal and Bigalky, Jodie and Green, Courtney R. and Cook, Jocelynn L.},
  date = {2020-09},
  journaltitle = {Journal of Obstetrics and Gynaecology Canada},
  shortjournal = {Journal of Obstetrics and Gynaecology Canada},
  volume = {42},
  number = {9},
  eprint = {32900458},
  eprinttype = {pmid},
  pages = {1174-1192.e1},
  issn = {1701-2163},
  doi = {10.1016/j.jogc.2020.07.005},
  langid = {english},
  language = {en},
  timestamp = {2024-10-02T11:50:32Z}
}

@article{greene2023PsychosocialPharmacologicInterventions,
  title = {Psychosocial and Pharmacologic Interventions to Reduce Harmful Alcohol Use in Low- and Middle-Income Countries},
  author = {Greene, M. Claire and Kane, Jeremy and Alto, Michelle and Giusto, Ali and Lovero, Kathryn and Stockton, Melissa and McClendon, Jasmine and Nicholson, Terriann and Wainberg, Milton L. and Johnson, Renee M. and Tol, Wietse Anton},
  date = {2023-05-09},
  journaltitle = {The Cochrane Database of Systematic Reviews},
  shortjournal = {Cochrane Database Syst Rev},
  volume = {5},
  number = {5},
  eprint = {37158538},
  eprinttype = {pmid},
  pages = {CD013350},
  issn = {1469-493X},
  doi = {10.1002/14651858.CD013350.pub2},
  langid = {english},
  language = {eng},
  pmcid = {PMC10167787},
  timestamp = {2024-10-02T12:40:04Z}
}

@article{hagan1987Effect5HT3Receptor,
  title = {Effect of the 5-{{HT3}} Receptor Antagonist, {{GR38032F}}, on Responses to Injection of a Neurokinin Agonist into the Ventral Tegmental Area of the Rat Brain},
  author = {Hagan, Russell M. and Butler, Arthur and Hill, Julia M. and Jordan, Christopher C. and Ireland, Simon J. and Tyers, Michael B.},
  date = {1987-06},
  journaltitle = {European Journal of Pharmacology},
  shortjournal = {European Journal of Pharmacology},
  volume = {138},
  number = {2},
  pages = {303--305},
  issn = {0014-2999},
  doi = {10.1016/0014-2999(87)90450-X},
  url = {http://www.sciencedirect.com/science/article/pii/001429998790450X},
  urldate = {2020-08-15},
  langid = {english},
  language = {en},
  timestamp = {2024-10-02T11:49:58Z},
  file = {ScienceDirect Snapshot:/home/matias/.local/share/zotero/storage/JD6SDH35/001429998790450X.html:text/html}
}

@article{han2018VariableSelectionRandom,
  title = {Variable Selection for Random Effects Two-Part Models},
  author = {Han, Dongxiao and Liu, Lei and Su, Xiaogang and Johnson, Bankole and Sun, Liuquan},
  date = {2018-07-13},
  journaltitle = {Statistical Methods in Medical Research},
  shortjournal = {Stat Methods Med Res},
  volume = {28},
  number = {9},
  eprint = {30001684},
  eprinttype = {pmid},
  pages = {2697--2709},
  issn = {1477-0334},
  doi = {10.1177/0962280218784712},
  langid = {english},
  language = {en},
  timestamp = {2024-10-02T11:50:27Z}
}

@thesis{hart2005RelationshipStagesChange,
  title = {The Relationship between the Stages of Change and Alcohol Consumption Variables across Treatment},
  author = {Hart, Suzanne Carlton},
  date = {2005},
  journaltitle = {Dissertation Abstracts International: Section B: The Sciences and Engineering},
  volume = {65},
  number = {10-B},
  pages = {5402},
  institution = {ProQuest Information \& Learning},
  url = {https://search.ebscohost.com/login.aspx?direct=true&db=psyh&AN=2005-99008-188&lang=fr&site=ehost-live},
  urldate = {2021-03-09},
  pagetotal = {5402},
  timestamp = {2024-10-02T11:50:06Z}
}

@inproceedings{hashimoto2012LowdoseTopiramateJapanese,
  title = {Low-Dose Topiramate for {{Japanese}} Alcoholics | {{Cochrane Library}}},
  author = {Hashimoto},
  date = {2012},
  doi = {10.1002/central/CN-01028807},
  url = {https://www.cochranelibrary.com/central/doi/10.1002/central/CN-01028807/full},
  urldate = {2021-08-29},
  langid = {american},
  language = {en-US},
  timestamp = {2024-10-02T11:50:09Z},
  file = {Snapshot:/home/matias/.local/share/zotero/storage/CAFGKL8D/full.html:text/html}
}

@article{hastings2024ColdNociceptionMeasure,
  title = {Cold Nociception as a Measure of Hyperalgesia during Spontaneous Heroin Withdrawal in Mice},
  author = {Hastings, Lyndsay E. and Frye, Emma V. and Carlson, Erika R. and Chuong, Vicky and Matthews, Aniah N. and Koob, George F. and Vendruscolo, Leandro F. and Marchette, Renata C. N.},
  date = {2024-02},
  journaltitle = {Pharmacology, Biochemistry, and Behavior},
  shortjournal = {Pharmacol Biochem Behav},
  volume = {235},
  eprint = {38128767},
  eprinttype = {pmid},
  pages = {173694},
  issn = {1873-5177},
  doi = {10.1016/j.pbb.2023.173694},
  langid = {english},
  language = {eng},
  pmcid = {PMC10842911},
  timestamp = {2024-10-02T12:44:51Z}
}

@article{heilig2006PharmacologicalTreatmentAlcohol,
  title = {Pharmacological Treatment of Alcohol Dependence: {{Target}} Symptoms and Target Mechanisms},
  shorttitle = {Pharmacological Treatment of Alcohol Dependence},
  author = {Heilig, M and Egli, M},
  date = {2006-09},
  journaltitle = {Pharmacology \&amp; Therapeutics},
  shortjournal = {Pharmacology \&amp; Therapeutics},
  volume = {111},
  number = {3},
  eprint = {16545872},
  eprinttype = {pmid},
  pages = {855--876},
  issn = {0163-7258},
  doi = {10.1016/j.pharmthera.2006.02.001},
  langid = {english},
  language = {en},
  timestamp = {2024-10-02T11:50:06Z}
}

@article{hou2015SubgroupIdentificationPersonalized,
  title = {Subgroup {{Identification}} in {{Personalized Treatment}} of {{Alcohol Dependence}}},
  author = {Hou, Jue and Seneviratne, Chamindi and Su, Xiaogang and Taylor, Jeremy and Johnson, Bankole and Wang, Xin‐Qun and Zhang, Heping and Kranzler, Henry R. and Kang, Joseph and Liu, Lei},
  date = {2015-05-29},
  journaltitle = {Alcoholism: Clinical and Experimental Research},
  shortjournal = {Alcoholism Clin \&amp;amp; Exp Res},
  volume = {39},
  number = {7},
  eprint = {26031187},
  eprinttype = {pmid},
  pages = {1253--1259},
  issn = {1530-0277},
  doi = {10.1111/acer.12759},
  langid = {english},
  language = {en},
  pmcid = {PMC4491003},
  timestamp = {2024-10-02T11:50:16Z},
  file = {hou2015SubgroupIdentificationPersonalized.pdf:/home/matias/.local/share/zotero/storage/ZNNGUPAE/hou2015SubgroupIdentificationPersonalized.pdf:application/pdf}
}

@article{imperato1986PreferentialStimulationDopamine,
  title = {Preferential Stimulation of Dopamine Release in the Nucleus Accumbens of Freely Moving Rats by Ethanol.},
  author = {Imperato, A. and Chiara, G. Di},
  date = {1986-10-01},
  journaltitle = {Journal of Pharmacology and Experimental Therapeutics},
  shortjournal = {J Pharmacol Exp Ther},
  volume = {239},
  number = {1},
  eprint = {3761194},
  eprinttype = {pmid},
  pages = {219--228},
  publisher = {{American Society for Pharmacology and Experimental Therapeutics}},
  issn = {0022-3565, 1521-0103},
  url = {https://jpet.aspetjournals.org/content/239/1/219},
  urldate = {2020-08-15},
  langid = {english},
  language = {en},
  timestamp = {2024-10-02T11:49:58Z},
  file = {Snapshot:/home/matias/.local/share/zotero/storage/N6GZJJYF/219.html:text/html}
}

@article{johnson1993AttenuationAlcoholinducedMood,
  title = {Attenuation of Some Alcohol-Induced Mood Changes and the Desire to Drink by 5-{{HT3}} Receptor Blockade: A Preliminary Study in Healthy Male Volunteers},
  shorttitle = {Attenuation of Some Alcohol-Induced Mood Changes and the Desire to Drink by 5-{{HT3}} Receptor Blockade},
  author = {Johnson, B. A. and Campling, G. M. and Griffiths, P. and Cowen, P. J.},
  date = {1993-08},
  journaltitle = {Psychopharmacology},
  shortjournal = {Psychopharmacology},
  volume = {112},
  number = {1},
  eprint = {7871004},
  eprinttype = {pmid},
  pages = {142--144},
  issn = {0033-3158},
  doi = {10.1007/bf02247375},
  langid = {english},
  language = {en},
  timestamp = {2024-10-02T11:49:59Z},
  file = {johnson1993AttenuationAlcoholinducedMood.pdf:/home/matias/.local/share/zotero/storage/FZNP49NC/johnson1993AttenuationAlcoholinducedMood.pdf:application/pdf}
}

@article{johnson1999MedicationsTreatAlcoholism,
  title = {Medications to Treat Alcoholism},
  author = {Johnson, B. A. and Ait-Daoud, N.},
  date = {1999},
  journaltitle = {Alcohol Research \& Health: The Journal of the National Institute on Alcohol Abuse and Alcoholism},
  shortjournal = {Alcohol Res Health},
  volume = {23},
  number = {2},
  eprint = {10890803},
  eprinttype = {pmid},
  pages = {99--106},
  issn = {1535-7414},
  langid = {english},
  language = {eng},
  pmcid = {PMC6760424},
  timestamp = {2024-10-02T11:50:01Z},
  file = {johnson1999MedicationsTreatAlcoholism.pdf:/home/matias/.local/share/zotero/storage/FYELW5TI/johnson1999MedicationsTreatAlcoholism.pdf:application/pdf}
}

@article{johnson2000AgeOnsetDiscriminator,
  title = {Age of {{Onset}} as a {{Discriminator Between Alcoholic Subtypes}} in a {{Treatment}}‐{{Seeking Outpatient Population}}},
  author = {Johnson, Bankole A. and Cloninger, C. Robert and Roache, John D. and Bordnick, Patrick S. and Ruiz, Pedro},
  date = {2000-01},
  journaltitle = {The American Journal on Addictions},
  shortjournal = {American J Addict},
  volume = {9},
  number = {1},
  eprint = {10914290},
  eprinttype = {pmid},
  pages = {17--27},
  issn = {1055-0496},
  doi = {10.1080/10550490050172191},
  langid = {english},
  language = {en},
  timestamp = {2024-10-02T11:50:02Z},
  file = {johnson2000AgeOnsetDiscriminator.pdf:/home/matias/.local/share/zotero/storage/TJD5ME4T/johnson2000AgeOnsetDiscriminator.pdf:application/pdf}
}

@article{johnson2000CombiningOndansetronNaltrexone,
  title = {Combining {{Ondansetron}} and {{Naltrexone Effectively Treats Biologically Predisposed Alcoholics}}: {{From Hypotheses}} to {{Preliminary Clinical Evidence}}},
  shorttitle = {Combining {{Ondansetron}} and {{Naltrexone Effectively Treats Biologically Predisposed Alcoholics}}},
  author = {Johnson, Bankole A. and Ait‐Daoud, Nassima and Prihoda, Thomas J.},
  date = {2000-05},
  journaltitle = {Alcoholism: Clinical and Experimental Research},
  shortjournal = {Alcoholism Clin \&amp;amp; Exp Res},
  volume = {24},
  number = {5},
  pages = {737--742},
  issn = {0145-6008, 1530-0277},
  doi = {10.1111/j.1530-0277.2000.tb02048.x},
  url = {http://doi.wiley.com/10.1111/j.1530-0277.2000.tb02048.x},
  urldate = {2020-01-19},
  langid = {english},
  language = {en},
  timestamp = {2024-10-02T11:50:02Z},
  file = {johnson2000CombiningOndansetronNaltrexone.pdf:/home/matias/.local/share/zotero/storage/JQVWLREQ/johnson2000CombiningOndansetronNaltrexone.pdf:application/pdf}
}

@article{johnson2000NeuropharmacologicalTreatmentsAlcoholism,
  title = {Neuropharmacological Treatments for Alcoholism: Scientific Basis and Clinical Findings},
  shorttitle = {Neuropharmacological Treatments for Alcoholism},
  author = {Johnson, B. A. and Ait-Daoud, N.},
  date = {2000-05-12},
  journaltitle = {Psychopharmacology},
  shortjournal = {Psychopharmacology},
  volume = {149},
  number = {4},
  eprint = {10867960},
  eprinttype = {pmid},
  pages = {327--344},
  issn = {0033-3158},
  doi = {10.1007/s002130000371},
  langid = {english},
  language = {eng},
  timestamp = {2024-10-02T11:50:02Z},
  file = {johnson2000NeuropharmacologicalTreatmentsAlcoholism.pdf:/home/matias/.local/share/zotero/storage/NML3EZUT/johnson2000NeuropharmacologicalTreatmentsAlcoholism.pdf:application/pdf}
}

@article{johnson2000OndansetronReductionDrinking,
  title = {Ondansetron for {{Reduction}} of {{Drinking Among Biologically Predisposed Alcoholic Patients}}},
  shorttitle = {Ondansetron for Reduction of Drinking among Biologically Predisposed Alcoholic Patients},
  author = {Johnson, Bankole A. and Roache, John D. and Javors, Martin A. and DiClemente, Carlo C. and Cloninger, Claude Robert and Prihoda, Thomas J. and Bordnick, Patrick S. and Ait-Daoud, Nassima and Hensler, Julie},
  date = {2000-08-23},
  journaltitle = {JAMA},
  shortjournal = {JAMA},
  volume = {284},
  number = {8},
  eprint = {10944641},
  eprinttype = {pmid},
  pages = {963},
  issn = {0098-7484},
  doi = {10.1001/jama.284.8.963},
  langid = {english},
  language = {en},
  timestamp = {2024-10-02T11:50:02Z},
  file = {johnson2000OndansetronReductionDrinking.pdf:/home/matias/.local/share/zotero/storage/SZRS2NKI/johnson2000OndansetronReductionDrinking.pdf:application/pdf}
}

@article{johnson2000SerotonergicAgentsAlcoholism,
  title = {Serotonergic {{Agents}} and {{Alcoholism Treatment}}: {{Rebirth}} of the {{Subtype Concept}}—{{An Hypothesis}}},
  shorttitle = {Serotonergic {{Agents}} and {{Alcoholism Treatment}}},
  author = {Johnson, Bankole A.},
  date = {2000-10},
  journaltitle = {Alcoholism: Clinical and Experimental Research},
  shortjournal = {Alcoholism Clin \&amp;amp; Exp Res},
  volume = {24},
  number = {10},
  pages = {1597--1601},
  issn = {1530-0277},
  doi = {10.1111/j.1530-0277.2000.tb04581.x},
  url = {https://onlinelibrary.wiley.com/doi/abs/10.1111/j.1530-0277.2000.tb04581.x},
  urldate = {2020-04-07},
  langid = {english},
  language = {en},
  timestamp = {2024-10-02T11:50:02Z},
  file = {johnson2000SerotonergicAgentsAlcoholism.pdf:/home/matias/.local/share/zotero/storage/U956QR72/johnson2000SerotonergicAgentsAlcoholism.pdf:application/pdf;Snapshot:/home/matias/.local/share/zotero/storage/I3979AR6/j.1530-0277.2000.tb04581.html:text/html}
}

@article{johnson2002OndansetronReducesCraving,
  title = {Ondansetron Reduces the Craving of Biologically Predisposed Alcoholics},
  author = {Johnson, Bankole A. and Roache, John D. and Ait-Daoud, Nassima and Zanca, Nursen A. and Velazquez, Madeline},
  date = {2002-02-12},
  journaltitle = {Psychopharmacology},
  shortjournal = {Psychopharmacology},
  volume = {160},
  number = {4},
  pages = {408--413},
  issn = {0033-3158, 1432-2072},
  doi = {10.1007/s00213-002-1002-9},
  url = {http://link.springer.com/10.1007/s00213-002-1002-9},
  urldate = {2020-01-19},
  langid = {english},
  language = {en},
  timestamp = {2024-10-02T11:50:04Z},
  file = {johnson2002OndansetronReducesCraving.pdf:/home/matias/.local/share/zotero/storage/V6DWWZCD/johnson2002OndansetronReducesCraving.pdf:application/pdf}
}

@article{johnson2003OndansetronReducesMood,
  title = {Ondansetron {{Reduces Mood Disturbance Among Biologically Predisposed}}, {{Alcohol}}‐{{Dependent Individuals}}},
  shorttitle = {Ondansetron {{Reduces Mood Disturbance Among Biologically Predisposed}}, {{Alcohol-Dependent Individuals}}},
  author = {Johnson, Bankole A. and Ait‐Daoud, Nassima and Ma, Jennie Z. and Wang, Yanmei},
  date = {2003-11},
  journaltitle = {Alcoholism: Clinical and Experimental Research},
  shortjournal = {Alcoholism Clin \&amp;amp; Exp Res},
  volume = {27},
  number = {11},
  pages = {1773--1779},
  issn = {0145-6008, 1530-0277},
  doi = {10.1097/01.ALC.0000095635.46911.5D},
  url = {https://onlinelibrary.wiley.com/doi/10.1097/01.ALC.0000095635.46911.5D},
  urldate = {2024-09-26},
  langid = {english},
  language = {en},
  timestamp = {2024-10-02T11:50:04Z},
  file = {johnson2003OndansetronReducesMood.pdf:/home/matias/.local/share/zotero/storage/RLNGLGYX/johnson2003OndansetronReducesMood.pdf:application/pdf;Snapshot:/home/matias/.local/share/zotero/storage/2LYFY44S/01.ALC.0000095635.46911.html:text/html;Snapshot:/home/matias/.local/share/zotero/storage/UWUAN9TN/01.ALC.0000095635.46911.html:text/html}
}

@article{johnson2003RoleSerotonergicAgents,
  title = {The Role of Serotonergic Agents as Treatments for Alcoholism},
  author = {Johnson, B.A.},
  date = {2003},
  journaltitle = {Drugs of Today},
  shortjournal = {Drugs Today},
  volume = {39},
  number = {9},
  pages = {665},
  issn = {0025-7656},
  doi = {10.1358/dot.2003.39.9.799475},
  url = {http://journals.prous.com/journals/servlet/xmlxsl/pk_journals.xml_summary_pr?p_JournalId=4&p_RefId=799475&p_IsPs=N},
  urldate = {2020-03-31},
  langid = {english},
  language = {en},
  timestamp = {2024-10-02T11:50:04Z}
}

@article{johnson2004OverviewDevelopmentMedications,
  title = {An Overview of the Development of Medications Including Novel Anticonvulsants for the Treatment of Alcohol Dependence},
  author = {Johnson, Bankole A},
  date = {2004-09},
  journaltitle = {Expert Opinion on Pharmacotherapy},
  shortjournal = {Expert Opinion on Pharmacotherapy},
  volume = {5},
  number = {9},
  pages = {1943--1955},
  issn = {1465-6566, 1744-7666},
  doi = {10.1517/14656566.5.9.1943},
  url = {http://www.tandfonline.com/doi/full/10.1517/14656566.5.9.1943},
  urldate = {2020-03-31},
  langid = {english},
  language = {en},
  timestamp = {2024-10-02T11:50:05Z}
}

@article{johnson2004RoleSerotonergicSystem,
  title = {Role of the {{Serotonergic System}} in the {{Neurobiology}} of {{Alcoholism}}},
  shorttitle = {Role of the Serotonergic System in the Neurobiology of Alcoholism},
  author = {Johnson, Bankole A},
  date = {2004},
  journaltitle = {CNS Drugs},
  shortjournal = {CNS Drugs},
  volume = {18},
  number = {15},
  eprint = {15581381},
  eprinttype = {pmid},
  pages = {1105--1118},
  issn = {1172-7047},
  doi = {10.2165/00023210-200418150-00005},
  langid = {english},
  language = {en},
  timestamp = {2024-10-02T11:50:05Z}
}

@article{johnson2006PreliminaryRandomizedDoubleblind,
  title = {A Preliminary Randomized, Double-Blind, Placebo-Controlled Study of the Safety and Efficacy of Ondansetron in the Treatment of Cocaine Dependence},
  author = {Johnson, B and ROACHE, J and AITDAOUD, N and JAVORS, M and HARRISON, J and ELKASHEF, A and MOJSIAK, J and LI, S and BLOCH, D},
  date = {2006-10-01},
  journaltitle = {Drug and Alcohol Dependence},
  shortjournal = {Drug and Alcohol Dependence},
  volume = {84},
  number = {3},
  eprint = {16631323},
  eprinttype = {pmid},
  pages = {256--263},
  publisher = {Elsevier Science},
  issn = {0376-8716},
  doi = {10.1016/j.drugalcdep.2006.02.011},
  url = {https://search.ebscohost.com/login.aspx?direct=true&db=psyh&AN=2006-11265-006&lang=fr&site=ehost-live},
  urldate = {2021-03-09},
  langid = {english},
  language = {en},
  timestamp = {2024-10-02T11:50:07Z}
}

@article{johnson2008UpdateNeuropharmacologicalTreatments,
  title = {Update on Neuropharmacological Treatments for Alcoholism: {{Scientific}} Basis and Clinical Findings},
  shorttitle = {Update on Neuropharmacological Treatments for Alcoholism},
  author = {Johnson, Bankole A.},
  date = {2008-01},
  journaltitle = {Biochemical Pharmacology},
  shortjournal = {Biochemical Pharmacology},
  volume = {75},
  number = {1},
  eprint = {17880925},
  eprinttype = {pmid},
  pages = {34--56},
  issn = {0006-2952},
  doi = {10.1016/j.bcp.2007.08.005},
  langid = {english},
  language = {en},
  pmcid = {PMC2359153},
  timestamp = {2024-10-02T11:50:07Z},
  file = {johnson2008UpdateNeuropharmacologicalTreatments.pdf:/home/matias/.local/share/zotero/storage/YFCYMYZW/johnson2008UpdateNeuropharmacologicalTreatments.pdf:application/pdf}
}

@article{johnson2010MedicationTreatmentDifferent,
  title = {Medication {{Treatment}} of {{Different Types}} of {{Alcoholism}}},
  author = {Johnson, Bankole A.},
  date = {2010-06-01},
  journaltitle = {American Journal of Psychiatry},
  shortjournal = {AJP},
  volume = {167},
  number = {6},
  eprint = {20516163},
  eprinttype = {pmid},
  pages = {630--639},
  issn = {1535-7228},
  doi = {10.1176/appi.ajp.2010.08101500},
  langid = {english},
  language = {en},
  pmcid = {PMC2939449},
  timestamp = {2024-10-02T11:50:08Z},
  file = {johnson2010MedicationTreatmentDifferent.pdf:/home/matias/.local/share/zotero/storage/QJ3TE7IJ/johnson2010MedicationTreatmentDifferent.pdf:application/pdf}
}

@article{johnson2011Correction,
  title = {Correction},
  shorttitle = {'{{Pharmacogenetic}} Approach at the Serotonin Transporter Gene as a Method of Reducing the Severity of Alcohol Drinking'},
  author = {Johnson, Bankole A. and Ait-Daoud, Nassima and Seneviratne, Chamindi and Roache, John D. and Javors, Martin A. and Wang, Xin-Qun and Liu, Lei and Penberthy, J. Kim and DiClemente, Carlo C. and Li, Ming D.},
  date = {2011-07},
  journaltitle = {American Journal of Psychiatry},
  shortjournal = {AJP},
  volume = {168},
  number = {7},
  pages = {756--756},
  publisher = {American Psychiatric Assn},
  issn = {0002-953X},
  doi = {10.1176/appi.ajp.2011.168.7.756},
  url = {https://search.ebscohost.com/login.aspx?direct=true&db=psyh&AN=2011-16425-026&lang=fr&site=ehost-live},
  urldate = {2021-03-09},
  langid = {english},
  language = {en},
  timestamp = {2024-10-02T11:50:09Z},
  file = {johnson2011Correction.pdf:/home/matias/.local/share/zotero/storage/8UN3V3GI/johnson2011Correction.pdf:application/pdf}
}

@article{johnson2011PharmacogeneticApproachSerotonin,
  title = {Pharmacogenetic {{Approach}} at the {{Serotonin Transporter Gene}} as a {{Method}} of {{Reducing}} the {{Severity}} of {{Alcohol Drinking}}},
  author = {Johnson, Bankole A. and Ait-Daoud, Nassima and Seneviratne, Chamindi and Roache, John D. and Javors, Martin A. and Wang, Xin-Qun and Liu, Lei and Penberthy, J. Kim and DiClemente, Carlo C. and Li, Ming D.},
  date = {2011-03},
  journaltitle = {American Journal of Psychiatry},
  shortjournal = {AJP},
  volume = {168},
  number = {3},
  eprint = {21247998},
  eprinttype = {pmid},
  pages = {265--275},
  issn = {1535-7228},
  doi = {10.1176/appi.ajp.2010.10050755},
  langid = {english},
  language = {en},
  pmcid = {PMC3063997},
  timestamp = {2024-10-02T11:50:09Z},
  file = {johnson2011PharmacogeneticApproachSerotonin.pdf:/home/matias/.local/share/zotero/storage/JR8WNCS9/johnson2011PharmacogeneticApproachSerotonin.pdf:application/pdf;johnson2011PharmacogeneticApproachSerotonin.doc:/home/matias/.local/share/zotero/storage/Y68DZIB3/johnson2011PharmacogeneticApproachSerotonin.doc:text/html}
}

@incollection{johnson2011PharmacologicalApproachesTreatment,
  title = {Pharmacological Approaches to the Treatment of Alcohol Dependence in the Young},
  booktitle = {Young People and Alcohol: {{Impact}}, Policy, Prevention, Treatment.},
  author = {Johnson, Bankole A.},
  editor = {Saunders, John B. and Rey, Joseph M.},
  date = {2011},
  pages = {271--307},
  publisher = {Wiley Blackwell},
  url = {https://search.ebscohost.com/login.aspx?direct=true&db=psyh&AN=2014-16552-015&lang=fr&site=ehost-live},
  urldate = {2021-03-09},
  isbn = {978-1-4443-3598-9},
  timestamp = {2024-10-02T11:50:09Z}
}

@article{johnson2013DeterminationGenotypeCombinations,
  title = {Determination of {{Genotype Combinations That Can Predict}} the {{Outcome}} of the {{Treatment}} of {{Alcohol Dependence Using}} the 5-{{HT}}{\textsubscript{3}} {{Antagonist Ondansetron}}},
  author = {Johnson, Bankole A. and Seneviratne, Chamindi and Wang, Xin-Qun and Ait-Daoud, Nassima and Li, Ming D.},
  date = {2013-09},
  journaltitle = {American Journal of Psychiatry},
  shortjournal = {AJP},
  volume = {170},
  number = {9},
  eprint = {23897038},
  eprinttype = {pmid},
  pages = {1020--1031},
  issn = {1535-7228},
  doi = {10.1176/appi.ajp.2013.12091163},
  langid = {english},
  language = {en},
  pmcid = {PMC3809153},
  timestamp = {2024-10-02T11:50:12Z},
  file = {johnson2013DeterminationGenotypeCombinations.pdf:/home/matias/.local/share/zotero/storage/FMX5KC2H/johnson2013DeterminationGenotypeCombinations.pdf:application/pdf}
}

@inproceedings{johnson2013PharmacogeneticApproachTreatment,
  title = {Pharmacogenetic Approach to Treatment of Alcohol Dependence with Ondansetron},
  booktitle = {Alcohol and Alcoholism},
  author = {Johnson, B.},
  date = {2013},
  publisher = {John Wiley \& Sons, Ltd.},
  doi = {10.1002/central/CN-01010572},
  url = {https://www.cochranelibrary.com/central/doi/10.1002/central/CN-01010572/full},
  urldate = {2021-08-29},
  langid = {english},
  language = {en},
  timestamp = {2024-10-02T11:50:12Z},
  file = {johnson2013PharmacogeneticApproachTreatment.pdf:/home/matias/.local/share/zotero/storage/XQELDS6D/johnson2013PharmacogeneticApproachTreatment.pdf:application/pdf;Snapshot:/home/matias/.local/share/zotero/storage/B37ECIEC/210519.html:text/html}
}

@article{johnson2024LowdoseOndansetronCandidate,
  title = {Low-Dose Ondansetron: {{A}} Candidate Prospective Precision Medicine to Treat Alcohol Use Disorder Endophenotypes},
  shorttitle = {Low-Dose Ondansetron},
  author = {Johnson, Bankole and Alho, Hannu and Addolorato, Giovanni and Lesch, Otto Michael and Chick, Jonathan and Liu, Lei and Schuyler, Vinzant},
  date = {2024-09},
  journaltitle = {European Journal of Internal Medicine},
  shortjournal = {Eur J Intern Med},
  volume = {127},
  eprint = {38876929},
  eprinttype = {pmid},
  pages = {50--62},
  issn = {1879-0828},
  doi = {10.1016/j.ejim.2024.06.001},
  langid = {english},
  language = {eng},
  timestamp = {2024-10-02T12:51:48Z},
  file = {johnson2024LowdoseOndansetronCandidate.pdf:/home/matias/.local/share/zotero/storage/E9F7LQH7/johnson2024LowdoseOndansetronCandidate.pdf:application/pdf}
}

@article{kenna16MedicationsActingSerotonergic,
  title = {Medications Acting on the Serotonergic System for the Treatment of Alcohol Dependent Patients},
  author = {Kenna, G. A.},
  date = {16},
  journaltitle = {Current pharmaceutical design},
  shortjournal = {Curr. Pharm. Des.},
  number = {19},
  publisher = {John Wiley \& Sons, Ltd.},
  doi = {10.1002/central/CN-01747720},
  url = {https://www.cochranelibrary.com/central/doi/10.1002/central/CN-01747720/full},
  urldate = {2021-08-29},
  langid = {english},
  language = {en},
  timestamp = {2024-10-02T11:49:52Z}
}

@article{kenna2004PharmacotherapyPharmacogenomicsFuture,
  title = {Pharmacotherapy, Pharmacogenomics, and the Future of Alcohol Dependence Treatment, Part 1},
  author = {Kenna, George A. and McGeary, John E. and Swift, Robert M.},
  date = {2004-11-01},
  journaltitle = {American Journal of Health-System Pharmacy},
  shortjournal = {Am J Health Syst Pharm},
  volume = {61},
  number = {21},
  eprint = {15552634},
  eprinttype = {pmid},
  pages = {2272--2279},
  issn = {1079-2082},
  doi = {10.1093/ajhp/61.21.2272},
  langid = {english},
  language = {en},
  timestamp = {2024-10-02T11:50:05Z}
}

@article{kenna2004PharmacotherapyPharmacogenomicsFuturea,
  title = {Pharmacotherapy, {{Pharmacogenomics}}, and {{The Future}} of {{Alcohol Dependence Treatment}}, {{Part}} 2},
  author = {Kenna, George A. and McGeary, John E. and Swift, Robert M.},
  date = {2004-11-15},
  journaltitle = {American Journal of Health-System Pharmacy},
  shortjournal = {Am. J. Health. Syst. Pharm.},
  volume = {61},
  number = {22},
  pages = {2380--2388},
  issn = {1079-2082, 1535-2900},
  doi = {10.1093/ajhp/61.22.2380},
  url = {https://academic.oup.com/ajhp/article/61/22/2380/5143855},
  urldate = {2020-03-31},
  langid = {english},
  language = {en},
  timestamp = {2024-10-02T11:50:05Z}
}

@article{kenna2007PharmacotherapyDualSubstance,
  title = {Pharmacotherapy of {{Dual Substance Abuse}} and {{Dependence}}},
  shorttitle = {Pharmacotherapy of {{Dual Substance Abuse}} and {{Dependence}}},
  author = {Kenna, George A and Nielsen, Darci M and Mello, Patricia and Schiesl, Alison and Swift, Robert M},
  date = {2007},
  journaltitle = {CNS Drugs},
  shortjournal = {CNS Drugs},
  volume = {21},
  number = {3},
  pages = {213--237},
  issn = {1172-7047},
  doi = {10.2165/00023210-200721030-00003},
  url = {http://link.springer.com/10.2165/00023210-200721030-00003},
  urldate = {2020-03-31},
  langid = {english},
  language = {en},
  timestamp = {2024-10-02T11:50:07Z}
}

@article{kenna2009WithinGroupDesignNontreatment,
  title = {A {{Within}}‐{{Group Design}} of {{Nontreatment Seeking}} 5‐{{HTTLPR Genotyped Alcohol}}‐{{Dependent Subjects Receiving Ondansetron}} and {{Sertraline}}},
  author = {Kenna, George A. and Zywiak, William H. and McGeary, John E. and Leggio, Lorenzo and McGeary, Chinatsu and Wang, Shirley and Grenga, Andrea and Swift, Robert M.},
  date = {2009-01-22},
  journaltitle = {Alcoholism: Clinical and Experimental Research},
  shortjournal = {Alcoholism Clin \&amp;amp; Exp Res},
  volume = {33},
  number = {2},
  eprint = {19032576},
  eprinttype = {pmid},
  pages = {315--323},
  issn = {1530-0277},
  doi = {10.1111/j.1530-0277.2008.00835.x},
  langid = {english},
  language = {en},
  pmcid = {PMC5567679},
  timestamp = {2024-10-02T11:50:07Z},
  file = {kenna2009WithinGroupDesignNontreatment.pdf:/home/matias/.local/share/zotero/storage/DLV9LJK6/kenna2009WithinGroupDesignNontreatment.pdf:application/pdf;Snapshot:/home/matias/.local/share/zotero/storage/VALHT77G/j.1530-0277.2008.00835.html:text/html}
}

@article{kenna2010MedicationsActingSerotonergic,
  title = {Medications {{Acting}} on the {{Serotonergic System}} for the {{Treatment}} of {{Alcohol Dependent Patients}}},
  author = {Kenna, George A.},
  date = {2010-06-01},
  journaltitle = {Current Pharmaceutical Design},
  shortjournal = {curr pharm des},
  volume = {16},
  number = {19},
  eprint = {20482508},
  eprinttype = {pmid},
  pages = {2126--2135},
  issn = {1873-4286},
  doi = {10.2174/138161210791516396},
  langid = {english},
  language = {en},
  timestamp = {2024-10-02T11:50:08Z},
  file = {a.kenna2010MedicationsActingSerotonergic.pdf:/home/matias/.local/share/zotero/storage/CAS2F3ZQ/a.kenna2010MedicationsActingSerotonergic.pdf:application/pdf}
}

@inproceedings{kenna2014InteractionSerotonigeneticPharmacotherapies,
  title = {Interaction of Serotonigenetic Pharmacotherapies Based on 5-{{HTTLPR}} and {{D4}} Alleles on Drinking in Non-Treatment Seeking Alcohol Dependent Women | {{Cochrane Library}}},
  author = {Kenna},
  date = {2014},
  doi = {10.1002/central/CN-01032531},
  url = {https://www.cochranelibrary.com/central/doi/10.1002/central/CN-01032531/full},
  urldate = {2021-08-29},
  langid = {american},
  language = {en-US},
  timestamp = {2024-10-02T11:50:13Z}
}

@article{kenna2014OndansetronReducesNaturalistic,
  title = {Ondansetron {{Reduces Naturalistic Drinking}} in {{Nontreatment-Seeking Alcohol-Dependent Individuals}} with the {{LL}} 5'-{{HTTLPR Genotype}}: {{A Laboratory Study}}},
  shorttitle = {Ondansetron Reduces Naturalistic Drinking in Nontreatment-Seeking Alcohol-Dependent Individuals with the {{LL}} 5'-{{HTTLPR}} Genotype},
  author = {Kenna, George A. and Zywiak, William H. and Swift, Robert M. and McGeary, John E. and Clifford, James S. and Shoaff, Jessica R. and Vuittonet, Cynthia and Fricchione, Samuel and Brickley, Michael and Beaucage, Kayla and Haass-Koffler, Carolina L. and Leggio, Lorenzo},
  date = {2014-04-28},
  journaltitle = {Alcoholism: Clinical and Experimental Research},
  shortjournal = {Alcohol Clin Exp Res},
  volume = {38},
  number = {6},
  eprint = {24773166},
  eprinttype = {pmid},
  pages = {1567--1574},
  issn = {1530-0277},
  doi = {10.1111/acer.12410},
  langid = {english},
  language = {en},
  pmcid = {PMC4047179},
  timestamp = {2024-10-02T11:50:15Z},
  file = {kenna2014OndansetronReducesNaturalistic.pdf:/home/matias/.local/share/zotero/storage/YMYW59TA/kenna2014OndansetronReducesNaturalistic.pdf:application/pdf;Snapshot:/home/matias/.local/share/zotero/storage/7N92IX8Q/acer.html:text/html}
}

@article{kenna2014OndansetronSertralineMay,
  title = {Ondansetron and Sertraline May Interact with 5-{{HTTLPR}} and {{DRD4}} Polymorphisms to Reduce Drinking in Non-Treatment Seeking Alcohol-Dependent Women: {{Exploratory}} Findings},
  shorttitle = {Ondansetron and Sertraline May Interact with 5-{{HTTLPR}} and {{DRD4}} Polymorphisms to Reduce Drinking in Non-Treatment Seeking Alcohol-Dependent Women},
  author = {Kenna, George A. and Zywiak, William H. and Swift, Robert M. and McGeary, John E. and Clifford, James S. and Shoaff, Jessica R. and Fricchione, Samuel and Brickley, Michael and Beaucage, Kayla and Haass-Koffler, Carolina L. and Leggio, Lorenzo},
  date = {2014-09},
  journaltitle = {Alcohol},
  shortjournal = {Alcohol},
  volume = {48},
  number = {6},
  pages = {515--522},
  issn = {07418329},
  doi = {10.1016/j.alcohol.2014.04.005},
  url = {https://linkinghub.elsevier.com/retrieve/pii/S0741832914200887},
  urldate = {2020-01-19},
  langid = {english},
  language = {en},
  timestamp = {2024-10-02T11:50:15Z},
  file = {kenna2014OndansetronSertralineMay.pdf:/home/matias/.local/share/zotero/storage/VN8KD9W2/kenna2014OndansetronSertralineMay.pdf:application/pdf;ScienceDirect Snapshot:/home/matias/.local/share/zotero/storage/3ASD28MI/S0741832914200887.html:text/html}
}

@inproceedings{kenna2014SerotonigeneticMatchingMismatching,
  title = {Serotonigenetic Matching and Mis-Matching Ondansetron and Sertraline Based on 5'-Httlpr Alleles in Non-Treatment Seeking Alcoholics | {{Cochrane Library}}},
  author = {Kenna},
  date = {2014},
  doi = {10.1002/central/CN-01028805},
  url = {https://www.cochranelibrary.com/central/doi/10.1002/central/CN-01028805/full},
  urldate = {2021-08-29},
  langid = {american},
  language = {en-US},
  timestamp = {2024-10-02T11:50:14Z}
}

@inproceedings{kenna2015TrialMatchingMismatching,
  title = {A Trial Matching and Mismatching Ondansetron and Sertraline to 5-{{HTTLPR}} Alleles in Non-Treatment Seeking Alcohol Dependent Individuals | {{Cochrane Library}}},
  author = {Kenna},
  date = {2015},
  doi = {10.1002/central/CN-01064216},
  url = {https://www.cochranelibrary.com/central/doi/10.1002/central/CN-01064216/full},
  urldate = {2021-08-29},
  langid = {american},
  language = {en-US},
  timestamp = {2024-10-02T11:50:16Z}
}

@article{kosten1996ReviewPharmacotherapiesSubstance,
  title = {A {{Review}} of {{Pharmacotherapies}} for {{Substance Abuse}}},
  author = {Kosten, Thomas R. and McCance, Elinore},
  date = {1996-10},
  journaltitle = {The American Journal on Addictions},
  shortjournal = {American J Addict},
  volume = {5},
  number = {S1},
  pages = {S30-S37},
  publisher = {Taylor \& Francis},
  issn = {1055-0496},
  doi = {10.1111/j.1521-0391.1996.tb00479.x},
  url = {https://search.ebscohost.com/login.aspx?direct=true&db=psyh&AN=1999-00105-004&lang=fr&site=ehost-live},
  urldate = {2021-03-11},
  langid = {english},
  language = {en},
  timestamp = {2024-10-02T11:50:01Z}
}

@article{kosten1996ReviewPharmacotherapieSubstance,
  title = {A {{Review}} of {{Pharmacotherapie}} for {{Substance Abuse}}},
  author = {Kosten, Thomas R. and McCance, Elinore},
  date = {1996-01},
  journaltitle = {American Journal on Addictions},
  shortjournal = {Am J Addict},
  volume = {5},
  number = {1},
  pages = {58--65},
  publisher = {Taylor \& Francis},
  issn = {1055-0496},
  doi = {10.3109/10550499608995657},
  url = {https://search.ebscohost.com/login.aspx?direct=true&db=psyh&AN=1996-02808-007&lang=fr&site=ehost-live},
  urldate = {2021-03-09},
  langid = {english},
  language = {en},
  timestamp = {2024-10-02T11:50:01Z}
}

@article{kostowski1994StudiesEffectsCertain,
  title = {Studies on the Effects of Certain 5-{{HT-3}} Receptor Antagonists on Ethanol Preference and Withdrawal Seizures in the Rat},
  author = {Kostowski, W. and Bisaga, A. and Jankowska, E. and Krzaścik, P.},
  year = {1994 May-Jun},
  journaltitle = {Polish Journal of Pharmacology},
  shortjournal = {Pol J Pharmacol},
  volume = {46},
  number = {3},
  eprint = {8000444},
  eprinttype = {pmid},
  pages = {133--137},
  issn = {1230-6002},
  langid = {english},
  language = {eng},
  timestamp = {2024-10-02T11:50:00Z}
}

@article{kovatchev2012SilicoModelsAlcohol,
  title = {In Silico {{Models}} of {{Alcohol Dependence}} and {{Treatment}}},
  author = {Kovatchev, Boris and Breton, Marc and Johnson, Bankole},
  date = {2012},
  journaltitle = {Frontiers in Psychiatry},
  shortjournal = {Front. Psychiatry},
  volume = {3},
  publisher = {Frontiers Media S.A.},
  issn = {1664-0640},
  doi = {10.3389/fpsyt.2012.00004},
  url = {https://search.ebscohost.com/login.aspx?direct=true&db=psyh&AN=2012-24845-001&lang=fr&site=ehost-live},
  urldate = {2021-03-09},
  timestamp = {2024-10-02T11:50:10Z},
  file = {kovatchev2012SilicoModelsAlcohol.pdf:/home/matias/.local/share/zotero/storage/EAYBYZ6F/kovatchev2012SilicoModelsAlcohol.pdf:application/pdf;kovatchev2012SilicoModelsAlcohol.pdf:/home/matias/.local/share/zotero/storage/H4LSR2NE/kovatchev2012SilicoModelsAlcohol.pdf:application/pdf;kovatchev2012SilicoModelsAlcohol.pdf:/home/matias/.local/share/zotero/storage/L4YTPENZ/kovatchev2012SilicoModelsAlcohol.pdf:application/pdf}
}

@article{kranzler2000MedicationsAlcoholDependence,
  title = {Medications for {{Alcohol Dependence}}—{{New Vistas}}},
  author = {Kranzler, Henry R.},
  date = {2000-08-23},
  journaltitle = {JAMA},
  shortjournal = {JAMA},
  volume = {284},
  number = {8},
  eprint = {10944648},
  eprinttype = {pmid},
  pages = {1016},
  issn = {0098-7484},
  doi = {10.1001/jama.284.8.1016},
  langid = {english},
  language = {en},
  timestamp = {2024-10-02T11:50:03Z}
}

@article{kranzler2003EffectsOndansetronEarly,
  title = {Effects of {{Ondansetron}} in {{Early}}‐ {{Versus Late}}‐{{Onset Alcoholics}}: {{A Prospective}}, {{Open}}‐{{Label Study}}},
  shorttitle = {Effects of {{Ondansetron}} in {{Early- Versus Late-Onset Alcoholics}}},
  author = {Kranzler, Henry R. and Pierucci‐Lagha, Amira and Feinn, Richard and Hernandez‐Avila, Carlos},
  date = {2003-07},
  journaltitle = {Alcoholism: Clinical and Experimental Research},
  shortjournal = {Alcoholism Clin \&amp;amp; Exp Res},
  volume = {27},
  number = {7},
  pages = {1150--1155},
  issn = {0145-6008},
  doi = {10.1097/01.ALC.0000075547.77464.76},
  url = {http://doi.wiley.com/10.1097/01.ALC.0000075547.77464.76},
  urldate = {2020-03-31},
  langid = {english},
  language = {en},
  timestamp = {2024-10-02T11:50:04Z},
  file = {kranzler2003EffectsOndansetronEarly.pdf:/home/matias/.local/share/zotero/storage/J3MY46XX/kranzler2003EffectsOndansetronEarly.pdf:application/pdf;Snapshot:/home/matias/.local/share/zotero/storage/I9H9RCNL/01.ALC.0000075547.77464.html:text/html}
}

@article{kranzler2012PersonalizedTreatmentAlcohol,
  title = {Personalized {{Treatment}} of {{Alcohol Dependence}}},
  author = {Kranzler, Henry R. and McKay, James R.},
  date = {2012-07-19},
  journaltitle = {Current Psychiatry Reports},
  shortjournal = {Curr Psychiatry Rep},
  volume = {14},
  number = {5},
  pages = {486--493},
  issn = {1523-3812, 1535-1645},
  doi = {10.1007/s11920-012-0296-5},
  url = {http://link.springer.com/10.1007/s11920-012-0296-5},
  urldate = {2020-08-15},
  langid = {english},
  language = {en},
  timestamp = {2024-10-02T11:50:10Z},
  file = {kranzler2012PersonalizedTreatmentAlcohol.pdf:/home/matias/.local/share/zotero/storage/YAIGFDWJ/kranzler2012PersonalizedTreatmentAlcohol.pdf:application/pdf}
}

@article{krzyminski1995AgeassociatedMemoryImpairment,
  title = {[Age-associated memory impairment]},
  author = {Krzymiński, S.},
  year = {1995 May-Jun},
  journaltitle = {Psychiatria Polska},
  shortjournal = {Psychiatr. Pol.},
  volume = {29},
  number = {3},
  eprint = {7652085},
  eprinttype = {pmid},
  pages = {319--331},
  issn = {0033-2674},
  langid = {polish},
  language = {pol},
  timestamp = {2024-10-02T11:50:01Z}
}

@article{kuehn2011StudySuggestsGene,
  title = {Study {{Suggests Gene May Predict Success}} of {{Therapies}} for {{Alcohol Dependence}}},
  author = {Kuehn, Bridget M.},
  date = {2011-03-09},
  journaltitle = {JAMA},
  shortjournal = {JAMA},
  volume = {305},
  number = {10},
  eprint = {21386072},
  eprinttype = {pmid},
  pages = {984},
  issn = {1538-3598},
  doi = {10.1001/jama.2011.270},
  langid = {english},
  language = {en},
  timestamp = {2024-10-02T11:50:09Z}
}

@article{lam2004RelativeBioavailabilityExtemporaneous,
  title = {Relative {{Bioavailability}} of an {{Extemporaneous Ondansetron}} 4‐mg {{Capsule Formulation}} versus {{Solution}}},
  author = {Lam, Y. W. Francis and Javors, Martin A. and Ait‐Daoud, Nassima and Roache, John D. and Johnson, Bankole A.},
  date = {2004-04},
  journaltitle = {Pharmacotherapy: The Journal of Human Pharmacology and Drug Therapy},
  shortjournal = {Pharmacotherapy},
  volume = {24},
  number = {4},
  pages = {477--481},
  issn = {1875-9114},
  doi = {10.1592/phco.24.5.477.33353},
  url = {https://accpjournals.onlinelibrary.wiley.com/doi/abs/10.1592/phco.24.5.477.33353},
  urldate = {2020-04-07},
  langid = {english},
  language = {en},
  timestamp = {2024-10-02T11:50:05Z},
  file = {Snapshot:/home/matias/.local/share/zotero/storage/6Z5J9NQB/phco.24.5.477.html:text/html}
}

@article{lane1992FailureOndansetronBlock,
  title = {Failure of Ondansetron to Block the Discriminative or Reinforcing Stimulus Effects of Cocaine in the Rat},
  author = {Lane, J.D. and Pickering, C.L. and Hooper, M.L. and Fagan, K. and Tyers, M.B. and Emmett-Oglesby, M.W.},
  date = {1992-06},
  journaltitle = {Drug and Alcohol Dependence},
  shortjournal = {Drug and Alcohol Dependence},
  volume = {30},
  number = {2},
  eprint = {1386019},
  eprinttype = {pmid},
  pages = {151--162},
  publisher = {Elsevier Science},
  issn = {0376-8716},
  doi = {10.1016/0376-8716(92)90020-D},
  url = {https://search.ebscohost.com/login.aspx?direct=true&db=psyh&AN=1992-42331-001&lang=fr&site=ehost-live},
  urldate = {2021-03-09},
  langid = {english},
  language = {en},
  timestamp = {2024-10-02T11:49:59Z}
}

@article{le2006EffectsDexfenfluramine5HT3,
  title = {Effects of Dexfenfluramine and 5-{{HT3}} Receptor Antagonists on Stress-Induced Reinstatement of Alcohol Seeking in Rats},
  author = {Lê, Anh Dzung and Funk, Douglas and Harding, Stephen and Juzytsch, W. and Fletcher, Paul J. and Shaham, Yavin},
  date = {2006-03-07},
  journaltitle = {Psychopharmacology},
  shortjournal = {Psychopharmacology},
  volume = {186},
  number = {1},
  eprint = {16521030},
  eprinttype = {pmid},
  pages = {82--92},
  issn = {0033-3158},
  doi = {10.1007/s00213-006-0346-y},
  langid = {english},
  language = {en},
  timestamp = {2024-10-02T11:50:07Z},
  file = {le2006EffectsDexfenfluramine5HT3.pdf:/home/matias/.local/share/zotero/storage/JYMI49TG/le2006EffectsDexfenfluramine5HT3.pdf:application/pdf;le2006EffectsDexfenfluramine5HT3.pdf:/home/matias/.local/share/zotero/storage/SZY2Z98Z/le2006EffectsDexfenfluramine5HT3.pdf:application/pdf}
}

@article{lee2012PharmacologicallymediatedReactivationReconsolidation,
  title = {Pharmacologically-Mediated Reactivation and Reconsolidation Blockade of the Psychostimulant-Abuse Circuit: {{A}} Novel Treatment Strategy},
  shorttitle = {Pharmacologically-Mediated Reactivation and Reconsolidation Blockade of the Psychostimulant-Abuse Circuit},
  author = {Lee, Tong H. and Szabo, Steven T. and Fowler, J. Corey and Mannelli, Paolo and Mangum, O. Barry and Beyer, Wayne F. and Patkar, Ashwin and Wetsel, William C.},
  date = {2012-07},
  journaltitle = {Drug and Alcohol Dependence},
  shortjournal = {Drug and Alcohol Dependence},
  volume = {124},
  number = {1-2},
  pages = {11--18},
  publisher = {Elsevier Science},
  issn = {0376-8716},
  doi = {10.1016/j.drugalcdep.2012.01.021},
  url = {https://search.ebscohost.com/login.aspx?direct=true&db=psyh&AN=2012-04878-001&lang=fr&site=ehost-live},
  urldate = {2021-03-09},
  langid = {english},
  language = {en},
  timestamp = {2024-10-02T11:50:10Z},
  file = {lee2012PharmacologicallymediatedReactivationReconsolidation.pdf:/home/matias/.local/share/zotero/storage/7SLEAMR8/lee2012PharmacologicallymediatedReactivationReconsolidation.pdf:application/pdf;lee2012PharmacologicallymediatedReactivationReconsolidation.pdf:/home/matias/.local/share/zotero/storage/WBL88EGF/lee2012PharmacologicallymediatedReactivationReconsolidation.pdf:application/pdf}
}

@article{lemarquand1994SerotoninAlcoholIntake,
  title = {Serotonin and Alcohol Intake, Abuse, and Dependence: {{Clinical}} Evidence},
  shorttitle = {Serotonin and Alcohol Intake, Abuse, and Dependence},
  author = {LeMarquand, David and Pihl, Robert O. and Benkelfat, Chawki},
  date = {1994-09},
  journaltitle = {Biological Psychiatry},
  shortjournal = {Biological Psychiatry},
  volume = {36},
  number = {5},
  eprint = {7993959},
  eprinttype = {pmid},
  pages = {326--337},
  issn = {0006-3223},
  doi = {10.1016/0006-3223(94)90630-0},
  langid = {english},
  language = {en},
  timestamp = {2024-10-02T11:50:00Z},
  file = {lemarquand1994SerotoninAlcoholIntake.pdf:/home/matias/.local/share/zotero/storage/RQ5ZJ7B2/lemarquand1994SerotoninAlcoholIntake.pdf:application/pdf}
}

@article{liberati2009PRISMAStatementReporting,
  title = {The {{PRISMA}} Statement for Reporting Systematic Reviews and Meta-Analyses of Studies That Evaluate Healthcare Interventions: Explanation and Elaboration},
  shorttitle = {The {{PRISMA}} Statement for Reporting Systematic Reviews and Meta-Analyses of Studies That Evaluate Healthcare Interventions},
  author = {Liberati, A. and Altman, D. G and Tetzlaff, J. and Mulrow, C. and Gotzsche, P. C and Ioannidis, J. P A and Clarke, M. and Devereaux, P J and Kleijnen, J. and Moher, D.},
  date = {2009-07-21},
  journaltitle = {BMJ},
  shortjournal = {BMJ},
  volume = {339},
  eprint = {19622552},
  eprinttype = {pmid},
  pages = {b2700-b2700},
  publisher = {British Medical Journal Publishing Group},
  issn = {0959-8138, 1468-5833},
  doi = {10.1136/bmj.b2700},
  url = {https://www.bmj.com/content/339/bmj.b2700},
  urldate = {2024-10-02},
  issue = {jul21 1},
  langid = {english},
  language = {en},
  timestamp = {2024-10-02T11:50:08Z},
  file = {liberati2009PRISMAStatementReporting.pdf:/home/matias/.local/share/zotero/storage/4N38VZKE/liberati2009PRISMAStatementReporting.pdf:application/pdf}
}

@article{listabarth2020HerausforderungAbstinenzFallbericht,
  title = {Herausforderung Abstinenz – Fallbericht und Übersicht zur Therapie von Alkoholabhängigkeit bei Schwangerschaft},
  author = {Listabarth, Stephan and König, Daniel and Wippel, Andreas and Pruckner, Nathalie and Castillo, Deirdre Maria and Vyssoki, Sandra and Gmeiner, Andrea},
  date = {2020-10-29},
  journaltitle = {neuropsychiatrie},
  shortjournal = {Neuropsychiatr},
  volume = {34},
  number = {4},
  eprint = {33123942},
  eprinttype = {pmid},
  pages = {171--174},
  issn = {0948-6259},
  doi = {10.1007/s40211-020-00367-5},
  langid = {ngerman},
  language = {de},
  timestamp = {2024-10-02T11:50:32Z},
  file = {listabarth2020HerausforderungAbstinenzFallbericht.pdf:/home/matias/.local/share/zotero/storage/22BTN32P/listabarth2020HerausforderungAbstinenzFallbericht.pdf:application/pdf;listabarth2020HerausforderungAbstinenzFallbericht.pdf:/home/matias/.local/share/zotero/storage/833X5WEB/listabarth2020HerausforderungAbstinenzFallbericht.pdf:application/pdf;listabarth2020HerausforderungAbstinenzFallbericht.pdf:/home/matias/.local/share/zotero/storage/Q9BUXMFX/listabarth2020HerausforderungAbstinenzFallbericht.pdf:application/pdf;listabarth2020HerausforderungAbstinenzFallbericht.pdf:/home/matias/.local/share/zotero/storage/UZ39QQ6V/listabarth2020HerausforderungAbstinenzFallbericht.pdf:application/pdf}
}

@article{litten2016PotentialMedicationsTreatment,
  title = {Potential {{Medications}} for the {{Treatment}} of {{Alcohol}} Use {{Disorder}}: {{An Evaluation}} of {{Clinical Efficacy}} and {{Safety}}},
  shorttitle = {Potential Medications for the Treatment of Alcohol Use Disorder},
  author = {Litten, Raye Z. and Wilford, Bonnie B. and Falk, Daniel E. and Ryan, Megan L. and Fertig, Joanne B.},
  date = {2016-04},
  journaltitle = {Substance Abuse},
  shortjournal = {Substance Abuse},
  volume = {37},
  number = {2},
  eprint = {26928397},
  eprinttype = {pmid},
  pages = {286--298},
  issn = {1547-0164},
  doi = {10.1080/08897077.2015.1133472},
  langid = {english},
  language = {en},
  timestamp = {2024-10-02T11:50:24Z},
  file = {litten2016PotentialMedicationsTreatment.pdf:/home/matias/.local/share/zotero/storage/365EBH72/litten2016PotentialMedicationsTreatment.pdf:application/pdf}
}

@article{lovinger1991EthanolPotentiation5hydroxytryptamine3,
  title = {Ethanol Potentiation of 5-Hydroxytryptamine3 Receptor-Mediated Ion Current in Neuroblastoma Cells and Isolated Adult Mammalian Neurons.},
  author = {Lovinger, D. M. and White, G.},
  date = {1991-08-01},
  journaltitle = {Molecular Pharmacology},
  shortjournal = {Mol Pharmacol},
  volume = {40},
  number = {2},
  eprint = {1715016},
  eprinttype = {pmid},
  pages = {263--270},
  publisher = {{American Society for Pharmacology and Experimental Therapeutics}},
  issn = {0026-895X, 1521-0111},
  url = {https://molpharm.aspetjournals.org/content/40/2/263},
  urldate = {2020-08-15},
  langid = {english},
  language = {en},
  timestamp = {2024-10-02T11:49:59Z},
  file = {Snapshot:/home/matias/.local/share/zotero/storage/9I5IR58V/263.html:text/html}
}

@online{LowdoseTopiramateJapanese,
  title = {Low-Dose Topiramate for {{Japanese}} Alcoholics | {{Cochrane Library}}},
  doi = {10.1002/central/CN-01028807},
  url = {https://www.cochranelibrary.com/central/doi/10.1002/central/CN-01028807/full},
  urldate = {2021-08-29},
  langid = {american},
  language = {en-US},
  timestamp = {2024-10-02T11:49:55Z}
}

@article{lynch2011SeverityDrinkingPredictor,
  title = {Severity of Drinking as a Predictor of Efficacy of the Combination of Ondansetron and Topiramate in Rat Models of Ethanol Consumption and Relapse},
  author = {Lynch, Wendy J. and Bond, Colin and Breslin, Florence J. and Johnson, Bankole A.},
  date = {2011-03-22},
  journaltitle = {Psychopharmacology},
  shortjournal = {Psychopharmacology},
  volume = {217},
  number = {1},
  pages = {3--12},
  issn = {0033-3158, 1432-2072},
  doi = {10.1007/s00213-011-2253-0},
  url = {http://link.springer.com/10.1007/s00213-011-2253-0},
  urldate = {2020-01-19},
  langid = {english},
  language = {en},
  timestamp = {2024-10-02T11:50:09Z},
  file = {lynch2011SeverityDrinkingPredictor.pdf:/home/matias/.local/share/zotero/storage/YY5VLB5M/lynch2011SeverityDrinkingPredictor.pdf:application/pdf}
}

@article{malinowska1999IfenprodilInfluencesChanges,
  title = {Ifenprodil Influences Changes in Mouse Behaviour Related to Acute and Chronic Ethanol Administration},
  author = {Malinowska, Barbara and Napiórkowska-Pawlak, Dorota and Pawlak, Robert and Buczko, Włodzimierz and Göthert, Manfred},
  date = {1999-07},
  journaltitle = {European Journal of Pharmacology},
  shortjournal = {European Journal of Pharmacology},
  volume = {377},
  number = {1},
  pages = {13--19},
  issn = {00142999},
  doi = {10.1016/S0014-2999(99)00393-3},
  url = {https://linkinghub.elsevier.com/retrieve/pii/S0014299999003933},
  urldate = {2020-03-31},
  langid = {english},
  language = {en},
  timestamp = {2024-10-02T11:50:02Z}
}

@article{mann2004PharmacotherapyAlcoholDependence,
  title = {Pharmacotherapy of {{Alcohol Dependence}}},
  shorttitle = {Pharmacotherapy of Alcohol Dependence},
  author = {Mann, Karl},
  date = {2004},
  journaltitle = {CNS Drugs},
  shortjournal = {CNS Drugs},
  volume = {18},
  number = {8},
  eprint = {15182219},
  eprinttype = {pmid},
  pages = {485--504},
  issn = {1172-7047},
  doi = {10.2165/00023210-200418080-00002},
  langid = {english},
  language = {en},
  timestamp = {2024-10-02T11:50:05Z}
}

@article{matosic2016NEUROBIOLOGICALBASESALCOHOL,
  title = {{{NEUROBIOLOGICAL BASES OF ALCOHOL ADDICTION}}},
  author = {Matošić, Ana},
  date = {2016},
  journaltitle = {Acta Clinica Croatica},
  shortjournal = {ACC},
  volume = {55},
  number = {1},
  eprint = {27333729},
  eprinttype = {pmid},
  pages = {134--150},
  issn = {0353-9466},
  doi = {10.20471/acc.2016.55.01.19},
  langid = {english},
  language = {eng},
  timestamp = {2024-10-02T11:50:24Z},
  file = {matosic2016NEUROBIOLOGICALBASESALCOHOL.pdf:/home/matias/.local/share/zotero/storage/V8WT2GX9/matosic2016NEUROBIOLOGICALBASESALCOHOL.pdf:application/pdf}
}

@article{mcbride2004Serotonin3ReceptorsActions,
  title = {Serotonin‐3 {{Receptors}} in the {{Actions}} of {{Alcohol}}, {{Alcohol Reinforcement}}, and {{Alcoholism}}},
  author = {McBride, William J. and Lovinger, David M. and Machu, Tina and Thielen, Richard J. and Rodd, Zachary A. and Murphy, James M. and Roache, John D. and Johnson, Bankole A.},
  date = {2004-02},
  journaltitle = {Alcoholism: Clinical and Experimental Research},
  shortjournal = {Alcoholism Clin \&amp;amp; Exp Res},
  volume = {28},
  number = {2},
  eprint = {15112933},
  eprinttype = {pmid},
  pages = {257--267},
  issn = {0145-6008},
  doi = {10.1097/01.alc.0000113419.99915.da},
  langid = {english},
  language = {en},
  timestamp = {2024-10-02T11:50:05Z},
  file = {Snapshot:/home/matias/.local/share/zotero/storage/4ZH3MR45/01.ALC.0000113419.99915.html:text/html}
}

@article{mcguinness2020RiskofbiasVISualizationRobvis,
  title = {Risk‐of‐bias {{VISualization}} (Robvis): {{An R}} Package and {{Shiny}} Web App for Visualizing Risk‐of‐bias Assessments},
  shorttitle = {Risk-of-Bias {{VISualization}} (Robvis)},
  author = {McGuinness, Luke A. and Higgins, Julian P. T.},
  date = {2020-05-06},
  journaltitle = {Research Synthesis Methods},
  shortjournal = {Research Synthesis Methods},
  volume = {12},
  number = {1},
  pages = {55--61},
  issn = {1759-2887},
  doi = {10.1002/jrsm.1411},
  url = {https://onlinelibrary.wiley.com/doi/abs/10.1002/jrsm.1411},
  urldate = {2021-05-02},
  langid = {english},
  language = {en},
  timestamp = {2024-10-02T11:50:33Z},
  file = {mcguinness2020RiskofbiasVISualizationRobvis.pdf:/home/matias/.local/share/zotero/storage/VUBVUWDC/mcguinness2020RiskofbiasVISualizationRobvis.pdf:application/pdf;Snapshot:/home/matias/.local/share/zotero/storage/RSYW2WXM/jrsm.html:text/html}
}

@inproceedings{Mcnair1989ProfileOM,
  title = {Profile of Mood States ({{POMS}})},
  author = {Mcnair, Douglas M. and Lorr, Maurice and Droppleman, Leo F.},
  date = {1989},
  url = {https://api.semanticscholar.org/CorpusID:142896988},
  timestamp = {2024-10-02T12:12:52Z}
}

@article{meert1993EffectsVariousSerotonergic,
  title = {Effects of Various Serotonergic Agents on Alcohol Intake and Alcohol Preference in {{Wistar}} Rats Selected at Two Different Levels of Alcohol Preference},
  author = {Meert, T. F.},
  date = {1993-03},
  journaltitle = {Alcohol and Alcoholism (Oxford, Oxfordshire)},
  shortjournal = {Alcohol Alcohol.},
  volume = {28},
  number = {2},
  eprint = {8517886},
  eprinttype = {pmid},
  pages = {157--170},
  issn = {0735-0414},
  langid = {english},
  language = {eng},
  timestamp = {2024-10-02T11:50:00Z}
}

@article{michalak2016ALCOHOLDEPENDENCENEUROBIOLOGYTREATMENT,
  title = {{{ALCOHOL DEPENDENCE--NEUROBIOLOGY AND TREATMENT}}},
  author = {Michalak, Agnieszka and Biała, Grazyna},
  year = {2016 Jan-Feb},
  journaltitle = {Acta Poloniae Pharmaceutica},
  shortjournal = {Acta Pol Pharm},
  volume = {73},
  number = {1},
  eprint = {27008795},
  eprinttype = {pmid},
  pages = {3--12},
  issn = {0001-6837},
  langid = {english},
  language = {eng},
  timestamp = {2024-10-02T11:50:24Z}
}

@article{moher2009PreferredReportingItems,
  title = {Preferred Reporting Items for Systematic Reviews and Meta-Analyses: The {{PRISMA}} Statement},
  shorttitle = {Preferred Reporting Items for Systematic Reviews and Meta-Analyses},
  author = {Moher, D. and Liberati, A. and Tetzlaff, J. and Altman, D. G},
  date = {2009-07-21},
  journaltitle = {BMJ},
  shortjournal = {BMJ},
  volume = {339},
  eprint = {19622551},
  eprinttype = {pmid},
  pages = {b2535},
  publisher = {British Medical Journal Publishing Group},
  issn = {1756-1833},
  doi = {10.1136/bmj.b2535},
  url = {https://www.bmj.com/content/339/bmj.b2535},
  urldate = {2024-10-02},
  langid = {english},
  language = {en},
  timestamp = {2024-10-02T11:50:08Z},
  file = {moher2009PreferredReportingItems.pdf:/home/matias/.local/share/zotero/storage/EZUWN6MS/moher2009PreferredReportingItems.pdf:application/pdf}
}

@article{mojtabai2024TrajectoriesCravingCourse,
  title = {Trajectories of Craving in the Course of Pharmacotherapy Trials for Methamphetamine Use Disorder},
  author = {Mojtabai, Ramin and Susukida, Ryoko and Farokhnia, Mehdi and Nguyen, Trang Quynh and Dunn, Kelly E. and Amin-Esmaeili, Masoumeh},
  date = {2024-10},
  journaltitle = {Addiction (Abingdon, England)},
  shortjournal = {Addiction},
  volume = {119},
  number = {10},
  eprint = {38984671},
  eprinttype = {pmid},
  pages = {1803--1812},
  issn = {1360-0443},
  doi = {10.1111/add.16610},
  langid = {english},
  language = {eng},
  timestamp = {2024-10-02T12:39:14Z}
}

@article{moore2014AcuteChronicAdministration,
  title = {Acute and Chronic Administration of a Low-Dose Combination of Topiramate and Ondansetron Reduces Ethanol’s Reinforcing Effects in Male Alcohol Preferring ({{P}}) Rats.},
  author = {Moore, Catherine F. and Lycas, Matthew D. and Bond, Colin W. and Johnson, Bankole A. and Lynch, Wendy J.},
  date = {2014-02},
  journaltitle = {Experimental and Clinical Psychopharmacology},
  shortjournal = {Experimental and Clinical Psychopharmacology},
  volume = {22},
  number = {1},
  pages = {35--42},
  issn = {1936-2293, 1064-1297},
  doi = {10.1037/a0035215},
  url = {http://doi.apa.org/getdoi.cfm?doi=10.1037/a0035215},
  urldate = {2020-01-19},
  langid = {english},
  language = {en},
  timestamp = {2024-10-02T11:50:15Z},
  file = {moore2014AcuteChronicAdministration.pdf:/home/matias/.local/share/zotero/storage/F55JZAA6/moore2014AcuteChronicAdministration.pdf:application/pdf;moore2014AcuteChronicAdministration.pdf:/home/matias/.local/share/zotero/storage/IMSC5HKM/moore2014AcuteChronicAdministration.pdf:application/pdf;moore2014AcuteChronicAdministration.pdf:/home/matias/.local/share/zotero/storage/XHUEBM56/moore2014AcuteChronicAdministration.pdf:application/pdf}
}

@article{morel2021ClinicalTrialsCannabidiol,
  title = {Clinical {{Trials}} of {{Cannabidiol}} for {{Substance Use Disorders}}: {{Outcome Measures}}, {{Surrogate Endpoints}}, and {{Biomarkers}}},
  shorttitle = {Clinical {{Trials}} of {{Cannabidiol}} for {{Substance Use Disorders}}},
  author = {Morel, Alix and Lebard, Pierre and Dereux, Alexandra and Azuar, Julien and Questel, Frank and Bellivier, Frank and Marie-Claire, Cynthia and Fatséas, Mélina and Vorspan, Florence and Bloch, Vanessa},
  date = {2021-02-22},
  journaltitle = {Frontiers in Psychiatry},
  shortjournal = {Front. Psychiatry},
  volume = {12},
  pages = {565617},
  issn = {1664-0640},
  doi = {10.3389/fpsyt.2021.565617},
  url = {https://www.frontiersin.org/articles/10.3389/fpsyt.2021.565617/full},
  urldate = {2021-05-01},
  langid = {english},
  language = {en},
  timestamp = {2024-10-02T11:50:33Z},
  file = {morel2021ClinicalTrialsCannabidiol.pdf:/home/matias/.local/share/zotero/storage/5TJFV2WX/morel2021ClinicalTrialsCannabidiol.pdf:application/pdf}
}

@article{muller2014CurrentPharmacologicalTreatment,
  title = {Current Pharmacological Treatment Approaches for Alcohol Dependence},
  author = {Müller, Christian A and Geisel, Olga and Banas, Roman and Heinz, Andreas},
  date = {2014-01-23},
  journaltitle = {Expert Opinion on Pharmacotherapy},
  shortjournal = {Expert Opinion on Pharmacotherapy},
  volume = {15},
  number = {4},
  eprint = {24456374},
  eprinttype = {pmid},
  pages = {471--481},
  issn = {1744-7666},
  doi = {10.1517/14656566.2014.876008},
  langid = {english},
  language = {en},
  timestamp = {2024-10-02T11:50:15Z}
}

@article{myrick2008EffectNaltrexoneOndansetron,
  title = {Effect of {{Naltrexone}} and {{Ondansetron}} on {{Alcohol Cue}}–{{Induced Activation}} of the {{Ventral Striatum}} in {{Alcohol-Dependent People}}},
  author = {Myrick, Hugh and Anton, Raymond F and Li, Xingbao and Henderson, Scott and Randall, Patrick K and Voronin, Konstantin},
  date = {2008},
  journaltitle = {ARCH GEN PSYCHIATRY},
  volume = {65},
  number = {4},
  pages = {10},
  langid = {english},
  language = {en},
  timestamp = {2024-10-02T11:50:07Z},
  file = {myrick2008EffectNaltrexoneOndansetron.pdf:/home/matias/.local/share/zotero/storage/QLDBUVJ6/myrick2008EffectNaltrexoneOndansetron.pdf:application/pdf;Snapshot:/home/matias/.local/share/zotero/storage/PUI7HI4Z/482658.html:text/html}
}

@article{naglich2017SystematicReviewCombined,
  title = {Systematic {{Review}} of {{Combined Pharmacotherapy}} for the {{Treatment}} of {{Alcohol Use Disorder}} in {{Patients Without Comorbid Conditions}}},
  author = {Naglich, Andrew C. and Lin, Austin and Wakhlu, Sidarth and Adinoff, Bryon H.},
  date = {2017-12-22},
  journaltitle = {CNS Drugs},
  shortjournal = {CNS Drugs},
  volume = {32},
  number = {1},
  eprint = {29273901},
  eprinttype = {pmid},
  pages = {13--31},
  issn = {1179-1934},
  doi = {10.1007/s40263-017-0484-2},
  langid = {english},
  language = {en},
  timestamp = {2024-10-02T11:50:24Z},
  file = {naglich2017SystematicReviewCombined.pdf:/home/matias/.local/share/zotero/storage/952LD4NH/naglich2017SystematicReviewCombined.pdf:application/pdf}
}

@article{naranjo1993ClinicalPharmacologySerotoninaltering,
  title = {Clinical Pharmacology of Serotonin-Altering Medications for Decreasing Alcohol Consumption},
  author = {Naranjo, C. A. and Bremner, K. E.},
  date = {1993},
  journaltitle = {Alcohol and Alcoholism (Oxford, Oxfordshire). Supplement},
  shortjournal = {Alcohol Alcohol Suppl},
  volume = {2},
  eprint = {7748304},
  eprinttype = {pmid},
  pages = {221--229},
  issn = {1358-6173},
  langid = {english},
  language = {eng},
  timestamp = {2024-10-02T11:50:00Z}
}

@article{naranjo1994SerotoninalteringMedicationsDesire,
  title = {Serotonin-Altering Medications and Desire, Consumption and Effects of Alcohol-Treatment Implications},
  author = {Naranjo, C. A. and Bremner, K. E.},
  date = {1994},
  journaltitle = {Toward a Molecular Basis of Alcohol Use and Abuse},
  shortjournal = {EXS},
  volume = {71},
  eprint = {8032152},
  eprinttype = {pmid},
  pages = {209--219},
  issn = {1023-294X},
  doi = {10.1007/978-3-0348-7330-7_21},
  langid = {english},
  language = {eng},
  timestamp = {2024-10-02T11:50:00Z}
}

@article{nct000004432018OndansetronTreatmentAlcoholism,
  title = {Ondansetron {{Treatment}} for {{Alcoholism}}},
  author = {NCT00000443},
  date = {2018-05-31},
  journaltitle = {https://clinicaltrials.gov/show/NCT00000443},
  shortjournal = {https://clinicaltrials.gov/show/NCT00000443},
  publisher = {John Wiley \& Sons, Ltd.},
  doi = {10.1002/central/CN-01477260},
  url = {https://www.cochranelibrary.com/central/doi/10.1002/central/CN-01477260/full},
  urldate = {2021-08-29},
  langid = {english},
  language = {en},
  timestamp = {2024-10-02T11:50:27Z}
}

@article{nct001832222018EffectivenessNaltrexoneOndansetron,
  title = {Effectiveness of {{Naltrexone}} and/or {{Ondansetron}} to {{Reduce Craving}} for {{Alcohol}} and {{Drinking}}},
  editor = {{NCT00183222}},
  date = {2018-05-31},
  journaltitle = {https://clinicaltrials.gov/show/NCT00183222},
  shortjournal = {https://clinicaltrials.gov/show/NCT00183222},
  publisher = {John Wiley \& Sons, Ltd.},
  doi = {10.1002/central/CN-01497366},
  url = {https://www.cochranelibrary.com/central/doi/10.1002/central/CN-01497366/full},
  urldate = {2021-08-29},
  langid = {english},
  language = {en},
  timestamp = {2024-10-02T11:50:28Z}
}

@article{nct006784572018OndansetronOlanzapineTreatment,
  title = {Ondansetron {{With Olanzapine}} for the {{Treatment}} of {{Alcohol Dependence}}: A {{Preliminary Clinical Trial}}},
  shorttitle = {Ondansetron {{With Olanzapine}} for the {{Treatment}} of {{Alcohol Dependence}}},
  author = {NCT00678457},
  date = {2018-05-31},
  journaltitle = {https://clinicaltrials.gov/show/NCT00678457},
  shortjournal = {https://clinicaltrials.gov/show/NCT00678457},
  publisher = {John Wiley \& Sons, Ltd.},
  doi = {10.1002/central/CN-01518829},
  url = {https://www.cochranelibrary.com/central/doi/10.1002/central/CN-01518829/full},
  urldate = {2021-08-29},
  langid = {english},
  language = {en},
  timestamp = {2024-10-02T11:50:28Z}
}

@article{nct012548772018OndansetronAlcoholUse,
  title = {Ondansetron, {{Alcohol Use}}, and {{Alcohol-Related Symptoms In HIV}}+ {{Persons}}},
  author = {NCT01254877},
  date = {2018-05-31},
  journaltitle = {https://clinicaltrials.gov/show/NCT01254877},
  shortjournal = {https://clinicaltrials.gov/show/NCT01254877},
  publisher = {John Wiley \& Sons, Ltd.},
  doi = {10.1002/central/CN-01502212},
  url = {https://www.cochranelibrary.com/central/doi/10.1002/central/CN-01502212/full},
  urldate = {2021-08-29},
  langid = {english},
  language = {en},
  timestamp = {2024-10-02T11:50:29Z}
}

@article{nct015912912018PharmacogeneticTreatmentsAlcoholism,
  title = {Pharmacogenetic {{Treatments}} for {{Alcoholism}}},
  author = {NCT01591291},
  date = {2018-05-31},
  journaltitle = {https://clinicaltrials.gov/show/NCT01591291},
  shortjournal = {https://clinicaltrials.gov/show/NCT01591291},
  publisher = {John Wiley \& Sons, Ltd.},
  doi = {10.1002/central/CN-01503233},
  url = {https://www.cochranelibrary.com/central/doi/10.1002/central/CN-01503233/full},
  urldate = {2021-08-29},
  langid = {english},
  language = {en},
  timestamp = {2024-10-02T11:50:29Z}
}

@article{nct023547032018PharmacogeneticStudyOndansetron,
  title = {Pharmacogenetic {{Study}} of {{Ondansetron}} in {{Alcohol Use Disorder}}},
  author = {NCT02354703},
  date = {2018-05-31},
  journaltitle = {https://clinicaltrials.gov/show/NCT02354703},
  shortjournal = {https://clinicaltrials.gov/show/NCT02354703},
  publisher = {John Wiley \& Sons, Ltd.},
  doi = {10.1002/central/CN-01582730},
  url = {https://www.cochranelibrary.com/central/doi/10.1002/central/CN-01582730/full},
  urldate = {2021-08-29},
  langid = {english},
  language = {en},
  timestamp = {2024-10-02T11:50:30Z}
}

@article{nct041012272019StudyEvaluateAD04,
  title = {Study to {{Evaluate AD04}} in {{Adults With Alcohol Use Disorder}} ({{AUD}}) and {{Selected Serotonin Transporter Polymorphisms}}},
  author = {NCT04101227},
  date = {2019-10-31},
  journaltitle = {https://clinicaltrials.gov/show/NCT04101227},
  shortjournal = {https://clinicaltrials.gov/show/NCT04101227},
  publisher = {John Wiley \& Sons, Ltd.},
  doi = {10.1002/central/CN-01984702},
  url = {https://www.cochranelibrary.com/central/doi/10.1002/central/CN-01984702/full},
  urldate = {2021-08-29},
  langid = {english},
  language = {en},
  timestamp = {2024-10-02T11:50:32Z}
}

@article{OndansetronReducesCraving,
  title = {Ondansetron Reduces the Craving of Biologically Predisposed Alcoholics},
  doi = {10.1002/central/CN-00388799},
  url = {https://www.cochranelibrary.com/central/doi/10.1002/central/CN-00388799/full},
  urldate = {2021-08-29},
  langid = {american},
  language = {en-US},
  timestamp = {2024-10-02T11:49:57Z}
}

@online{OndansetronReducesMood,
  title = {Ondansetron Reduces Mood Disturbance among Biologically Predisposed, Alcohol-Dependent Individuals | {{Cochrane Library}}},
  doi = {10.1002/central/CN-00462169},
  url = {https://www.cochranelibrary.com/central/doi/10.1002/central/CN-00462169/full},
  urldate = {2021-08-29},
  langid = {american},
  language = {en-US},
  timestamp = {2024-10-02T11:49:56Z}
}

@online{OndansetronReducesNaturalistic,
  title = {Ondansetron Reduces Naturalistic Drinking in Nontreatment-Seeking Alcohol-Dependent Individuals with the {{LL}} 5'-{{HTTLPR}} Genotype: A Laboratory Study | {{Cochrane Library}}},
  shorttitle = {Ondansetron Reduces Naturalistic Drinking in Nontreatment-Seeking Alcohol-Dependent Individuals with the {{LL}} 5'-{{HTTLPR}} Genotype},
  doi = {10.1002/central/CN-01001508},
  url = {https://www.cochranelibrary.com/central/doi/10.1002/central/CN-01001508/full},
  urldate = {2021-08-29},
  langid = {american},
  language = {en-US},
  timestamp = {2024-10-02T11:49:56Z}
}

@online{OndansetronSertralineMay,
  title = {Ondansetron and Sertraline May Interact with 5-{{HTTLPR}} and {{DRD4}} Polymorphisms to Reduce Drinking in Non-Treatment Seeking Alcohol-Dependent Women: Exploratory Findings | {{Cochrane Library}}},
  shorttitle = {Ondansetron and Sertraline May Interact with 5-{{HTTLPR}} and {{DRD4}} Polymorphisms to Reduce Drinking in Non-Treatment Seeking Alcohol-Dependent Women},
  doi = {10.1002/central/CN-01023133},
  url = {https://www.cochranelibrary.com/central/doi/10.1002/central/CN-01023133/full},
  urldate = {2021-08-29},
  langid = {american},
  language = {en-US},
  timestamp = {2024-10-02T11:49:55Z}
}

@article{orozco2023QTProlongationTorsades,
  title = {{{QT}} Prolongation, Torsades Des Pointes, and Cardiac Arrest after 4 Mg of {{IV}} Ondansetron},
  author = {Orozco, Benjamin S. and Lee, Samantha C. and Fuchs, Ryan T. and Fushianes, Gerald D. and Cole, Jon B.},
  date = {2023-06},
  journaltitle = {The American Journal of Emergency Medicine},
  shortjournal = {Am J Emerg Med},
  volume = {68},
  eprint = {37085406},
  eprinttype = {pmid},
  pages = {214.e3-214.e6},
  issn = {1532-8171},
  doi = {10.1016/j.ajem.2023.04.003},
  langid = {english},
  language = {eng},
  timestamp = {2024-10-02T12:40:12Z}
}

@article{page2021PRISMA2020Statement,
  ids = {page2021PRISMA2020Statementa},
  title = {The {{PRISMA}} 2020 Statement: An Updated Guideline for Reporting Systematic Reviews},
  shorttitle = {The {{PRISMA}} 2020 Statement},
  author = {Page, Matthew J and McKenzie, Joanne E and Bossuyt, Patrick M and Boutron, Isabelle and Hoffmann, Tammy C and Mulrow, Cynthia D and Shamseer, Larissa and Tetzlaff, Jennifer M and Akl, Elie A and Brennan, Sue E and Chou, Roger and Glanville, Julie and Grimshaw, Jeremy M and Hróbjartsson, Asbjørn and Lalu, Manoj M and Li, Tianjing and Loder, Elizabeth W and Mayo-Wilson, Evan and McDonald, Steve and McGuinness, Luke A and Stewart, Lesley A and Thomas, James and Tricco, Andrea C and Welch, Vivian A and Whiting, Penny and Moher, David},
  date = {2021-03-29},
  journaltitle = {BMJ},
  shortjournal = {BMJ},
  volume = {372},
  eprint = {33782057},
  eprinttype = {pmid},
  pages = {n71},
  publisher = {British Medical Journal Publishing Group},
  issn = {1756-1833},
  doi = {10.1136/bmj.n71},
  url = {https://www.bmj.com/content/372/bmj.n71},
  urldate = {2024-10-02},
  langid = {english},
  language = {en},
  timestamp = {2024-10-02T11:50:33Z},
  file = {page2021PRISMA2020Statement.pdf:/home/matias/.local/share/zotero/storage/3WXACUAN/page2021PRISMA2020Statement.pdf:application/pdf}
}

@article{paille2011MisuseAlcoholNew,
  title = {[Misuse of alcohol and new drug treatments]},
  author = {Paille, François},
  date = {2011-12},
  journaltitle = {La Revue Du Praticien},
  shortjournal = {Rev Prat},
  volume = {61},
  number = {10},
  eprint = {22288352},
  eprinttype = {pmid},
  pages = {1386--1391},
  issn = {0035-2640},
  langid = {fre},
  language = {fre},
  timestamp = {2024-10-02T11:50:09Z},
  file = {paille2011MisuseAlcoholNew.pdf:/home/matias/.local/share/zotero/storage/K43FLYY7/paille2011MisuseAlcoholNew.pdf:application/pdf}
}

@article{peterson2011NewcastleOttawaScaleNOS,
  title = {The {{Newcastle-Ottawa}} Scale ({{NOS}}) for Assessing the Quality of Nonrandomised Studies in Meta-Analyses},
  author = {Peterson, J and Welch, V and Losos, M and family=Tugwell, given=PJOOHRI, given-i=PJOOHRI},
  date = {2011},
  journaltitle = {Ottawa: Ottawa Hospital Research Institute},
  shortjournal = {Ott. Ott. Hosp. Res. Inst.},
  pages = {1--12},
  timestamp = {2024-10-02T11:50:09Z}
}

@online{PharmacologicalEvaluationAlcohol,
  title = {Pharmacological Evaluation of Alcohol Withdrawal-Induced Inhibition of Expl...: {{EBSCOhost}}},
  url = {https://web-a-ebscohost-com.docelec.u-bordeaux.fr/ehost/detail/detail?vid=31&sid=27c094bf-476c-4e74-9577-9674f00faedc%40sessionmgr4008&bdata=Jmxhbmc9ZnImc2l0ZT1laG9zdC1saXZl#AN=1994-32816-001&db=psyh},
  urldate = {2021-03-09},
  timestamp = {2024-10-02T11:49:57Z},
  file = {Pharmacological evaluation of alcohol withdrawal-induced inhibition of expl...\: EBSCOhost:/home/matias/.local/share/zotero/storage/GFVD3KD4/detail.html:text/html}
}

@article{PharmacologicalTherapyRelapse,
  title = {Pharmacological {{Therapy}} - {{Relapse Prevention}} in {{Alcohol Dependence}}},
  doi = {10.1002/central/CN-00893194},
  url = {https://www.cochranelibrary.com/central/doi/10.1002/central/CN-00893194/full},
  urldate = {2021-08-29},
  langid = {american},
  language = {en-US},
  timestamp = {2024-10-02T11:49:57Z}
}

@article{roache2008PredictionSerotonergicTreatment,
  title = {Prediction of {{Serotonergic Treatment Efficacy Using Age}} of {{Onset}} and {{Type A}}/{{B Typologies}} of {{Alcoholism}}},
  author = {Roache, John D. and Wang, Yanmei and Ait‐Daoud, Nassima and Johnson, Bankole A.},
  date = {2008-08},
  journaltitle = {Alcoholism: Clinical and Experimental Research},
  shortjournal = {Alcoholism Clin \&amp;amp; Exp Res},
  volume = {32},
  number = {8},
  eprint = {18565156},
  eprinttype = {pmid},
  pages = {1502--1512},
  issn = {1530-0277},
  doi = {10.1111/j.1530-0277.2008.00717.x},
  langid = {english},
  language = {en},
  pmcid = {PMC2748792},
  timestamp = {2024-10-02T11:50:07Z},
  file = {roache2008PredictionSerotonergicTreatment.pdf:/home/matias/.local/share/zotero/storage/G7U75AZ5/roache2008PredictionSerotonergicTreatment.pdf:application/pdf;Snapshot:/home/matias/.local/share/zotero/storage/Q8SBNZ9F/j.1530-0277.2008.00717.html:text/html;Snapshot:/home/matias/.local/share/zotero/storage/QQTP9VEW/j.1530-0277.2008.00717.html:text/html;roache2008PredictionSerotonergicTreatment.doc:/home/matias/.local/share/zotero/storage/SGKNSQFL/roache2008PredictionSerotonergicTreatment.doc:text/html}
}

@article{ross2023IncorporatingOndansetronBaclofen,
  title = {Incorporating Ondansetron and Baclofen in Alcohol Use Disorder Treatment},
  author = {Ross, Hayley and Harries, Bruce and Szelest, Izabela and Engelbrecht, Roland and Umhau, John C.},
  date = {2023-03},
  journaltitle = {CJEM},
  shortjournal = {CJEM},
  volume = {25},
  number = {3},
  eprint = {36689190},
  eprinttype = {pmid},
  pages = {253--254},
  issn = {1481-8043},
  doi = {10.1007/s43678-023-00448-8},
  langid = {english},
  language = {eng},
  pmcid = {PMC9869813},
  timestamp = {2024-10-02T12:47:43Z},
  file = {ross2023IncorporatingOndansetronBaclofen.pdf:/home/matias/.local/share/zotero/storage/SQP7ZMKL/ross2023IncorporatingOndansetronBaclofen.pdf:application/pdf}
}

@incollection{searight2017ProfileMoodStates,
  title = {Profile of {{Mood States}}},
  booktitle = {Encyclopedia of {{Personality}} and {{Individual Differences}}},
  author = {Searight, H. Russell and Montone, Kaitlyn},
  editor = {Zeigler-Hill, Virgil and Shackelford, Todd K.},
  date = {2017},
  pages = {1--6},
  publisher = {Springer International Publishing},
  location = {Cham},
  doi = {10.1007/978-3-319-28099-8_63-1},
  url = {https://doi.org/10.1007/978-3-319-28099-8_63-1},
  urldate = {2024-10-02},
  isbn = {978-3-319-28099-8},
  langid = {english},
  language = {en},
  timestamp = {2024-10-02T12:11:26Z}
}

@article{sellers1992SerotoninAlcoholDrinking,
  title = {Serotonin and Alcohol Drinking},
  author = {Sellers, E. M. and Higgins, G. A. and Tompkins, D. M. and Romach, M. K.},
  date = {1992},
  journaltitle = {NIDA research monograph},
  shortjournal = {NIDA Res. Monogr.},
  volume = {119},
  eprint = {1435969},
  eprinttype = {pmid},
  pages = {141--145},
  issn = {1046-9516},
  langid = {english},
  language = {eng},
  timestamp = {2024-10-02T11:49:59Z},
  file = {sellers1992SerotoninAlcoholDrinking.pdf:/home/matias/.local/share/zotero/storage/Q2DBFKDU/sellers1992SerotoninAlcoholDrinking.pdf:application/pdf}
}

@article{sellers1994ClinicalEfficacy5HT3,
  title = {Clinical {{Efficacy}} of the 5‐{{HT}}{\textsubscript{3}} {{Antagonist Ondansetron}} in {{Alcohol Abuse}} and {{Dependence}}},
  author = {Sellers, Edward M. and Toneatto, Tony and Romach, Myroslava K. and Somer, Gail R. and Sobell, Linda C. and Sobell, Mark B.},
  date = {1994-08},
  journaltitle = {Alcoholism: Clinical and Experimental Research},
  shortjournal = {Alcoholism Clin \&amp;amp; Exp Res},
  volume = {18},
  number = {4},
  pages = {879--885},
  issn = {0145-6008, 1530-0277},
  doi = {10.1111/j.1530-0277.1994.tb00054.x},
  url = {http://doi.wiley.com/10.1111/j.1530-0277.1994.tb00054.x},
  urldate = {2020-01-19},
  langid = {english},
  language = {en},
  timestamp = {2024-10-02T11:50:00Z},
  file = {sellers1994ClinicalEfficacy5HT3.pdf:/home/matias/.local/share/zotero/storage/XHZMCHY4/sellers1994ClinicalEfficacy5HT3.pdf:application/pdf;Snapshot:/home/matias/.local/share/zotero/storage/2XL3VLRF/j.1530-0277.1994.tb00054.html:text/html;sellers1994ClinicalEfficacy5HT3.doc:/home/matias/.local/share/zotero/storage/H5PQB22T/sellers1994ClinicalEfficacy5HT3.doc:text/html}
}

@article{seneviratne2012SerotoninTransporterGenomic,
  title = {Serotonin {{Transporter Genomic Biomarker}} for {{Quantitative Assessment}} of {{Ondansetron Treatment Response}} in {{Alcoholics}}},
  author = {Seneviratne, Chamindi and Johnson, Bankole A.},
  date = {2012},
  journaltitle = {Frontiers in Psychiatry},
  shortjournal = {Front. Psychiatry},
  volume = {3},
  eprint = {22470354},
  eprinttype = {pmid},
  pages = {23},
  issn = {1664-0640},
  doi = {10.3389/fpsyt.2012.00023},
  langid = {english},
  language = {eng},
  pmcid = {PMC3314249},
  timestamp = {2024-10-02T11:50:10Z},
  file = {seneviratne2012SerotoninTransporterGenomic.pdf:/home/matias/.local/share/zotero/storage/8S2RFPD3/seneviratne2012SerotoninTransporterGenomic.pdf:application/pdf}
}

@inproceedings{seneviratne2014PhamracogeneticTreatmentAlcohol,
  title = {Phamracogenetic Treatment of Alcohol Dependence with Ondansetron | {{Cochrane Library}}},
  author = {Seneviratne},
  date = {2014},
  doi = {10.1002/central/CN-01042243},
  url = {https://www.cochranelibrary.com/central/doi/10.1002/central/CN-01042243/full},
  urldate = {2021-08-29},
  langid = {american},
  language = {en-US},
  timestamp = {2024-10-02T11:50:15Z}
}

@article{seneviratne2022RandomizedDoubleblindPlacebocontrolled,
  title = {A Randomized, Double-Blind, Placebo-Controlled, Pharmacogenetic Study of Ondansetron for Treating Alcohol Use Disorder},
  author = {Seneviratne, Chamindi and Gorelick, David A. and Lynch, Kevin G. and Brown, Clayton and Romer, Danielle and Pond, Timothy and Kampman, Kyle and Kranzler, Henry R.},
  date = {2022-10},
  journaltitle = {Alcoholism, Clinical and Experimental Research},
  shortjournal = {Alcohol Clin Exp Res},
  volume = {46},
  number = {10},
  eprint = {36055978},
  eprinttype = {pmid},
  pages = {1900--1912},
  issn = {1530-0277},
  doi = {10.1111/acer.14932},
  langid = {english},
  language = {eng},
  pmcid = {PMC9901168},
  timestamp = {2024-10-02T12:52:13Z},
  file = {seneviratne2022RandomizedDoubleblindPlacebocontrolled.pdf:/home/matias/.local/share/zotero/storage/9ZZPF7WK/seneviratne2022RandomizedDoubleblindPlacebocontrolled.pdf:application/pdf}
}

@online{SerotonigeneticMatchingMismatching,
  title = {Serotonigenetic Matching and Mis-Matching Ondansetron and Sertraline Based on 5'-Httlpr Alleles in Non-Treatment Seeking Alcoholics | {{Cochrane Library}}},
  doi = {10.1002/central/CN-01028805},
  url = {https://www.cochranelibrary.com/central/doi/10.1002/central/CN-01028805/full},
  urldate = {2021-08-29},
  langid = {american},
  language = {en-US},
  timestamp = {2024-10-02T11:49:58Z},
  file = {Snapshot:/home/matias/.local/share/zotero/storage/7SCI78CA/full.html:text/html}
}

@article{shea2017AMSTARCriticalAppraisal,
  title = {{{AMSTAR}} 2: A Critical Appraisal Tool for Systematic Reviews That Include Randomised or Non-Randomised Studies of Healthcare Interventions, or Both},
  shorttitle = {{{AMSTAR}} 2},
  author = {Shea, Beverley J and Reeves, Barnaby C and Wells, George and Thuku, Micere and Hamel, Candyce and Moran, Julian and Moher, David and Tugwell, Peter and Welch, Vivian and Kristjansson, Elizabeth and Henry, David A},
  date = {2017-09-21},
  journaltitle = {BMJ},
  shortjournal = {BMJ},
  volume = {358},
  eprint = {28935701},
  eprinttype = {pmid},
  pages = {j4008},
  publisher = {British Medical Journal Publishing Group},
  issn = {0959-8138, 1756-1833},
  doi = {10.1136/bmj.j4008},
  url = {https://www.bmj.com/content/358/bmj.j4008},
  urldate = {2024-10-02},
  langid = {english},
  language = {en},
  timestamp = {2024-10-02T11:50:24Z},
  file = {shea2017AMSTARCriticalAppraisal.pdf:/home/matias/.local/share/zotero/storage/NDT6JF5T/shea2017AMSTARCriticalAppraisal.pdf:application/pdf}
}

@article{shelton2004Effect5HT3Receptor,
  title = {Effect of 5‐{{HT}}{\textsubscript{3}} {{Receptor Over}}‐{{Expression}} on the {{Discriminative Stimulus Effects}} of {{Ethanol}}},
  author = {Shelton, Keith L. and Dukat, Malgorzata and Allan, Andrea M.},
  date = {2004-08},
  journaltitle = {Alcoholism: Clinical and Experimental Research},
  shortjournal = {Alcoholism Clin \&amp;amp; Exp Res},
  volume = {28},
  number = {8},
  eprint = {15318114},
  eprinttype = {pmid},
  pages = {1161--1171},
  issn = {0145-6008},
  doi = {10.1097/01.alc.0000138687.27452.e2},
  langid = {english},
  language = {en},
  timestamp = {2024-10-02T11:50:05Z}
}

@article{shen2018AnticravingTherapyAlcohol,
  title = {Anticraving Therapy for Alcohol Use Disorder: {{A}} Clinical Review},
  shorttitle = {Anticraving Therapy for Alcohol Use Disorder},
  author = {Shen, Winston W.},
  date = {2018-09},
  journaltitle = {Neuropsychopharmacology Reports},
  shortjournal = {Neuropsychopharm Rep},
  volume = {38},
  number = {3},
  eprint = {30175522},
  eprinttype = {pmid},
  pages = {105--116},
  issn = {2574-173X},
  doi = {10.1002/npr2.12028},
  langid = {english},
  language = {en},
  timestamp = {2024-10-02T11:50:30Z},
  file = {shen2018AnticravingTherapyAlcohol.pdf:/home/matias/.local/share/zotero/storage/NG5ZUPMR/shen2018AnticravingTherapyAlcohol.pdf:application/pdf}
}

@inproceedings{shoaff2012EffectsSertralineAlcohol,
  title = {Effects of Sertraline on Alcohol Craving and Consumption in the Late Luteal Phase of Non-Treatment Seeking Alcohol Dependent Women | {{Cochrane Library}}},
  author = {Shoaff},
  date = {2012},
  doi = {10.1002/central/CN-01032533},
  url = {https://www.cochranelibrary.com/central/doi/10.1002/central/CN-01032533/full},
  urldate = {2021-08-29},
  langid = {american},
  language = {en-US},
  timestamp = {2024-10-02T11:50:10Z}
}

@article{sivolap2014TreatmentAlcoholDependence,
  title = {[Treatment of alcohol dependence: rational and arguable approaches]},
  shorttitle = {[Treatment of alcohol dependence},
  author = {Sivolap, Iu P.},
  date = {2014},
  journaltitle = {Zhurnal Nevrologii I Psikhiatrii Imeni S.S. Korsakova},
  shortjournal = {Zh Nevrol Psikhiatr Im S S Korsakova},
  volume = {114},
  eprint = {24988976},
  eprinttype = {pmid},
  pages = {53--56},
  issn = {1997-7298},
  issue = {5 Pt 2},
  langid = {russian},
  language = {rus},
  timestamp = {2024-10-02T11:50:16Z}
}

@article{sloan2003ROLEANXIETYPREDICTING,
  title = {{{THE ROLE OF ANXIETY IN PREDICTING DRINKING BEHAVIOUR}}},
  author = {Sloan, T. B.},
  date = {2003-07-01},
  journaltitle = {Alcohol and Alcoholism},
  shortjournal = {Alcohol and Alcoholism},
  volume = {38},
  number = {4},
  eprint = {12814905},
  eprinttype = {pmid},
  pages = {360--363},
  publisher = {Oxford University Press},
  issn = {0735-0414},
  doi = {10.1093/alcalc/agg090},
  url = {https://search.ebscohost.com/login.aspx?direct=true&db=psyh&AN=2003-11169-012&lang=fr&site=ehost-live},
  urldate = {2021-03-11},
  langid = {english},
  language = {en},
  timestamp = {2024-10-02T11:50:04Z}
}

@incollection{sobell1992TimelineFollowBack,
  title = {Timeline {{Follow-Back}}},
  booktitle = {Measuring {{Alcohol Consumption}}: {{Psychosocial}} and {{Biochemical Methods}}},
  author = {Sobell, Linda C. and Sobell, Mark B.},
  editor = {Litten, Raye Z. and Allen, John P.},
  date = {1992},
  pages = {41--72},
  publisher = {Humana Press},
  location = {Totowa, NJ},
  doi = {10.1007/978-1-4612-0357-5_3},
  url = {https://doi.org/10.1007/978-1-4612-0357-5_3},
  urldate = {2024-10-02},
  isbn = {978-1-4612-0357-5},
  langid = {english},
  language = {en},
  timestamp = {2024-10-02T12:07:31Z}
}

@article{solisrojas2000SearchGoldenFleece,
  title = {[In search of the Golden Fleece]},
  author = {Solís Rojas, L. R.},
  year = {2000 Nov-Dec},
  journaltitle = {Revista De Investigacion Clinica; Organo Del Hospital De Enfermedades De La Nutricion},
  shortjournal = {Rev. Invest. Clin.},
  volume = {52},
  number = {6},
  eprint = {11256100},
  eprinttype = {pmid},
  pages = {598--599},
  issn = {0034-8376},
  langid = {spanish},
  language = {spa},
  timestamp = {2024-10-02T11:50:03Z}
}

@article{soyka1997RelapsePreventionAlcoholism,
  title = {Relapse {{Prevention}} in {{Alcoholism}}},
  shorttitle = {Relapse {{Prevention}} in {{Alcoholism}}},
  author = {Soyka, Michael},
  date = {1997-04},
  journaltitle = {CNS Drugs},
  shortjournal = {CNS Drugs},
  volume = {7},
  number = {4},
  pages = {313--327},
  issn = {1172-7047},
  doi = {10.2165/00023210-199707040-00004},
  url = {http://link.springer.com/10.2165/00023210-199707040-00004},
  urldate = {2020-03-31},
  langid = {english},
  language = {en},
  timestamp = {2024-10-02T11:50:01Z}
}

@article{soyka2008WorldFederationSocieties,
  title = {World {{Federation}} of {{Societies}} of {{Biological Psychiatry}} ({{WFSBP}}) {{Guidelines}} for {{Biological Treatment}} of {{Substance Use}} and {{Related Disorders}}, {{Part}} 1: {{Alcoholism}}},
  shorttitle = {World {{Federation}} of {{Societies}} of {{Biological Psychiatry}} ({{WFSBP}}) {{Guidelines}} for {{Biological Treatment}} of {{Substance Use}} and {{Related Disorders}}, {{Part}} 1},
  author = {Soyka, Michael and Kranzler, Henry R. and Berglund, Mats and Gorelick, David and Hesselbrock, Victor and Johnson, Bankole A. and Möller, Hans-Jürgen and THE WFSBP TASK FORCE ON TREATMENT G and Soyka, Michael and Kranzler, Henry R. and Berglund, Mats and Gorelick, David and Hesselbrock, Victor and Johnson, Bankole A. and Möller, Hans-Jürgen and THE WFSBP TASK FORCE ON TREATMENT G},
  date = {2008-01},
  journaltitle = {The World Journal of Biological Psychiatry},
  shortjournal = {The World Journal of Biological Psychiatry},
  volume = {9},
  number = {1},
  pages = {6--23},
  issn = {1562-2975, 1814-1412},
  doi = {10.1080/15622970801896390},
  url = {http://www.tandfonline.com/doi/full/10.1080/15622970801896390},
  urldate = {2020-03-31},
  langid = {english},
  language = {en},
  timestamp = {2024-10-02T11:50:07Z}
}

@article{soyka2017GuidelinesBiologicalTreatment,
  title = {Guidelines for Biological Treatment of Substance Use and Related Disorders, Part 1: {{Alcoholism}}, First Revision},
  shorttitle = {Guidelines for Biological Treatment of Substance Use and Related Disorders, Part 1},
  author = {Soyka, Michael and Kranzler, Henry R. and Hesselbrock, Victor and Kasper, Siegfried and Mutschler, Jochen and Möller, Hans-Jürgen and {WFSBP Task Force on Treatment Guidelines for Substance Use Disorders}},
  date = {2017-03},
  journaltitle = {The World Journal of Biological Psychiatry: The Official Journal of the World Federation of Societies of Biological Psychiatry},
  shortjournal = {World J. Biol. Psychiatry},
  volume = {18},
  number = {2},
  eprint = {28006997},
  eprinttype = {pmid},
  pages = {86--119},
  issn = {1814-1412},
  doi = {10.1080/15622975.2016.1246752},
  langid = {english},
  language = {eng},
  timestamp = {2024-10-02T11:50:25Z},
  file = {soyka2017GuidelinesBiologicalTreatment.pdf:/home/matias/.local/share/zotero/storage/DY5928N6/soyka2017GuidelinesBiologicalTreatment.pdf:application/pdf}
}

@article{soyka2017PharmacotherapyAlcoholismUpdate,
  title = {Pharmacotherapy of Alcoholism – an Update on Approved and off-Label Medications},
  author = {Soyka, Michael and Müller, Christian A.},
  date = {2017-07-24},
  journaltitle = {Expert Opinion on Pharmacotherapy},
  shortjournal = {Expert Opinion on Pharmacotherapy},
  volume = {18},
  number = {12},
  eprint = {28658981},
  eprinttype = {pmid},
  pages = {1187--1199},
  issn = {1744-7666},
  doi = {10.1080/14656566.2017.1349098},
  langid = {english},
  language = {en},
  timestamp = {2024-10-02T11:50:25Z}
}

@article{sterne2019RoBRevisedTool,
  ids = {sterne2019RoBRevisedToola},
  title = {{{RoB}} 2: A Revised Tool for Assessing Risk of Bias in Randomised Trials},
  shorttitle = {{{RoB}} 2},
  author = {Sterne, Jonathan A C and Savović, Jelena and Page, Matthew J and Elbers, Roy G and Blencowe, Natalie S and Boutron, Isabelle and Cates, Christopher J and Cheng, Hung-Yuan and Corbett, Mark S and Eldridge, Sandra M and Emberson, Jonathan R and Hernán, Miguel A and Hopewell, Sally and Hróbjartsson, Asbjørn and Junqueira, Daniela R and Jüni, Peter and Kirkham, Jamie J and Lasserson, Toby and Li, Tianjing and McAleenan, Alexandra and Reeves, Barnaby C and Shepperd, Sasha and Shrier, Ian and Stewart, Lesley A and Tilling, Kate and White, Ian R and Whiting, Penny F and Higgins, Julian P T},
  date = {2019-08-28},
  journaltitle = {BMJ},
  shortjournal = {BMJ},
  volume = {366},
  eprint = {31462531},
  eprinttype = {pmid},
  pages = {l4898},
  publisher = {British Medical Journal Publishing Group},
  issn = {0959-8138, 1756-1833},
  doi = {10.1136/bmj.l4898},
  url = {https://www.bmj.com/content/366/bmj.l4898},
  urldate = {2021-05-02},
  langid = {english},
  language = {en},
  timestamp = {2024-10-02T11:50:32Z},
  file = {sterne2019RoBRevisedTool.pdf:/home/matias/.local/share/zotero/storage/M75X5N77/sterne2019RoBRevisedTool.pdf:application/pdf}
}

@article{stoltenberg2003SerotonergicAgentsAlcoholism,
  title = {Serotonergic {{Agents}} and {{Alcoholism Treatment}}: {{A Simulation}}},
  shorttitle = {Serotonergic {{Agents}} and {{Alcoholism Treatment}}},
  author = {Stoltenberg, Scott F.},
  date = {2003-12},
  journaltitle = {Alcoholism: Clinical and Experimental Research},
  shortjournal = {Alcoholism Clin \&amp;amp; Exp Res},
  volume = {27},
  number = {12},
  pages = {1853--1859},
  issn = {0145-6008},
  doi = {10.1097/01.ALC.0000098876.94384.0A},
  url = {http://doi.wiley.com/10.1097/01.ALC.0000098876.94384.0A},
  urldate = {2020-03-31},
  langid = {english},
  language = {en},
  timestamp = {2024-10-02T11:50:04Z},
  file = {stoltenberg2003SerotonergicAgentsAlcoholism.pdf:/home/matias/.local/share/zotero/storage/MH8ZYF6K/stoltenberg2003SerotonergicAgentsAlcoholism.pdf:application/pdf}
}

@article{swift16MedicationsActingDopaminergic,
  title = {Medications Acting on the Dopaminergic System in the Treatment of Alcoholic Patients},
  author = {Swift, R.},
  date = {16},
  journaltitle = {Current pharmaceutical design},
  shortjournal = {Curr. Pharm. Des.},
  number = {19},
  publisher = {John Wiley \& Sons, Ltd.},
  doi = {10.1002/central/CN-01710106},
  url = {https://www.cochranelibrary.com/central/doi/10.1002/central/CN-01710106/full},
  urldate = {2021-08-29},
  langid = {english},
  language = {en},
  timestamp = {2024-10-02T11:49:52Z}
}

@article{swift1996OndansetronAltersHuman,
  title = {Ondansetron Alters Human Alcohol Intoxication},
  author = {Swift, Robert M. and Davidson, Dena and Whelihan, William and Kuznetsov, Oleg},
  date = {1996-09},
  journaltitle = {Biological Psychiatry},
  shortjournal = {Biological Psychiatry},
  volume = {40},
  number = {6},
  pages = {514--521},
  issn = {00063223},
  doi = {10.1016/0006-3223(95)00432-7},
  url = {https://linkinghub.elsevier.com/retrieve/pii/0006322395004327},
  urldate = {2020-01-19},
  langid = {english},
  language = {en},
  timestamp = {2024-10-02T11:50:01Z},
  file = {swift1996OndansetronAltersHuman.pdf:/home/matias/.local/share/zotero/storage/SH54TNGI/swift1996OndansetronAltersHuman.pdf:application/pdf}
}

@article{swift1999MedicationsAlcoholCraving,
  title = {Medications and Alcohol Craving},
  author = {Swift, R. M.},
  date = {1999},
  journaltitle = {Alcohol Research \& Health: The Journal of the National Institute on Alcohol Abuse and Alcoholism},
  shortjournal = {Alcohol Res Health},
  volume = {23},
  number = {3},
  eprint = {10890816},
  eprinttype = {pmid},
  pages = {207--213},
  issn = {1535-7414},
  langid = {english},
  language = {eng},
  pmcid = {PMC6760374},
  timestamp = {2024-10-02T11:50:02Z},
  file = {swift1999MedicationsAlcoholCraving.pdf:/home/matias/.local/share/zotero/storage/NW4A45SS/swift1999MedicationsAlcoholCraving.pdf:application/pdf}
}

@article{swift2010MedicationsActingDopaminergic,
  title = {Medications {{Acting}} on the {{Dopaminergic System}} in the {{Treatment}} of {{Alcoholic Patients}}},
  author = {Swift, Robert},
  date = {2010-06-01},
  journaltitle = {Current Pharmaceutical Design},
  shortjournal = {curr pharm des},
  volume = {16},
  number = {19},
  pages = {2136--2140},
  issn = {13816128},
  doi = {10.2174/138161210791516323},
  url = {http://openurl.ingenta.com/content/xref?genre=article&issn=1381-6128&volume=16&issue=19&spage=2136},
  urldate = {2020-03-31},
  langid = {english},
  language = {en},
  timestamp = {2024-10-02T11:50:08Z},
  file = {swift2010MedicationsActingDopaminergic.pdf:/home/matias/.local/share/zotero/storage/EPDQUDNZ/swift2010MedicationsActingDopaminergic.pdf:application/pdf}
}

@article{swift2024CommentaryEfficacySafety,
  title = {Commentary on {{Efficacy}} and {{Safety}} of {{Low}} Dose Ondansetron as a Prospective Precision Medicine to Treat Alcohol Use Disorder Phenotypes},
  author = {Swift, Robert M.},
  date = {2024-09},
  journaltitle = {European Journal of Internal Medicine},
  shortjournal = {Eur J Intern Med},
  volume = {127},
  eprint = {39089970},
  eprinttype = {pmid},
  pages = {36--38},
  issn = {1879-0828},
  doi = {10.1016/j.ejim.2024.07.029},
  langid = {english},
  language = {eng},
  timestamp = {2024-10-02T12:39:08Z}
}

@article{thompson2015VariationSerotoninTransporter,
  title = {Variation in the {{Serotonin Transporter Gene}} and {{Alcoholism}}: {{Risk}} and {{Response}} to {{Pharmacotherapy}}},
  shorttitle = {Variation in the {{Serotonin Transporter Gene}} and {{Alcoholism}}},
  author = {Thompson, Miles D. and Kenna, George A.},
  date = {2015-08-26},
  journaltitle = {Alcohol and Alcoholism},
  shortjournal = {Alcohol and Alcoholism},
  volume = {51},
  number = {2},
  eprint = {26311211},
  eprinttype = {pmid},
  pages = {164--171},
  issn = {1464-3502},
  doi = {10.1093/alcalc/agv090},
  langid = {english},
  language = {en},
  pmcid = {PMC4755552},
  timestamp = {2024-10-02T11:50:23Z},
  file = {thompson2015VariationSerotoninTransporter.pdf:/home/matias/.local/share/zotero/storage/TLWSZ5YP/thompson2015VariationSerotoninTransporter.pdf:application/pdf}
}

@article{varma1994CorrelatesEarlyLateonset,
  title = {Correlates of Early- and Late-Onset Alcohol Dependence},
  author = {Varma, Vijoy K. and Basu, Debasish and Malhotra, Anil and Sharma, Avneet and Mattoo, Surendra K.},
  date = {1994-11},
  journaltitle = {Addictive Behaviors},
  shortjournal = {Addictive Behaviors},
  volume = {19},
  number = {6},
  pages = {609--619},
  issn = {03064603},
  doi = {10.1016/0306-4603(94)90016-7},
  url = {https://linkinghub.elsevier.com/retrieve/pii/0306460394900167},
  urldate = {2024-10-02},
  langid = {english},
  language = {en},
  timestamp = {2024-10-02T11:50:01Z}
}

@article{vaughan2012ChangesAffectDrinking,
  title = {Changes in {{Affect}} and {{Drinking Outcomes}} in a {{Pharmacobehavioral Trial}} for {{Alcohol Dependence}}},
  author = {Vaughan, Michelle D. and Hook, Joshua N. and Wagley, James Nile and Davis, Don E. and Hill, Christina and Johnson, Bankole A. and Penberthy, Jennifer Kim},
  date = {2012-03},
  journaltitle = {Addictive Disorders \&amp; Their Treatment},
  shortjournal = {Addictive Disorders \& Their Treatment},
  volume = {11},
  number = {1},
  pages = {14--25},
  publisher = {Lippincott Williams \& Wilkins},
  issn = {1531-5754},
  doi = {10.1097/ADT.0b013e31821e1072},
  url = {https://search.ebscohost.com/login.aspx?direct=true&db=psyh&AN=2012-06310-003&lang=fr&site=ehost-live},
  urldate = {2021-03-11},
  langid = {english},
  language = {en},
  timestamp = {2024-10-02T11:50:11Z},
  file = {vaughan2012ChangesAffectDrinking.pdf:/home/matias/.local/share/zotero/storage/6XSVEDTZ/vaughan2012ChangesAffectDrinking.pdf:application/pdf;vaughan2012ChangesAffectDrinking.pdf:/home/matias/.local/share/zotero/storage/SE2DMVWS/vaughan2012ChangesAffectDrinking.pdf:application/pdf;Snapshot:/home/matias/.local/share/zotero/storage/Y4HAZQJS/Changes_in_Affect_and_Drinking_Outcomes_in_a.3.html:text/html}
}

@article{wang2010IdentificationMolecularTargets,
  title = {Identification of {{Molecular Targets Associated}} with {{Ethanol Toxicity}} and {{Implications}} in {{Drug Development}}},
  author = {Wang, Lin-Lin and Yang, An-Kui and He, Shu-Ming and Liang, Jun and Zhou, Zhi-Wei and Li, Yong and Zhou, Shu-Feng},
  date = {2010-04-01},
  journaltitle = {Current Pharmaceutical Design},
  shortjournal = {CPD},
  volume = {16},
  number = {11},
  pages = {1313--1355},
  issn = {13816128},
  doi = {10.2174/138161210791034030},
  url = {http://www.eurekaselect.com/openurl/content.php?genre=article&issn=1381-6128&volume=16&issue=11&spage=1313},
  urldate = {2020-03-31},
  langid = {english},
  language = {en},
  timestamp = {2024-10-02T11:50:08Z},
  file = {wang2010IdentificationMolecularTargets.pdf:/home/matias/.local/share/zotero/storage/ZAWIFSHN/wang2010IdentificationMolecularTargets.pdf:application/pdf}
}

@article{wilcox2004PreventionRelapseAddiction,
  title = {Prevention of Relapse to Addiction: Information for the Practitioner},
  shorttitle = {Prevention of Relapse to Addiction},
  author = {Wilcox, Richard E. and Erikson, Carlton K.},
  date = {2004-02},
  journaltitle = {Texas Medicine},
  shortjournal = {Tex Med},
  volume = {100},
  number = {2},
  eprint = {15146782},
  eprinttype = {pmid},
  pages = {52--61},
  issn = {0040-4470},
  langid = {english},
  language = {eng},
  timestamp = {2024-10-02T11:50:06Z}
}

@misc{WileyQuery20200704,
  title = {Wiley {{Query}} 2020-07-04},
  url = {https://onlinelibrary.wiley.com/action/doSearch?field1=Keyword&text1=ondansetron&field2=Keyword&text2=alcoholism&field3=Keyword&text3=&Ppub=},
  urldate = {2020-04-07},
  langid = {english},
  language = {en},
  timestamp = {2024-10-02T11:49:58Z},
  file = {Snapshot:/home/matias/.local/share/zotero/storage/J56N55AD/doSearch.html:text/html}
}

@article{williams2005MedicationsTreatingAlcohol,
  title = {Medications for Treating Alcohol Dependence},
  author = {Williams, Steven H.},
  date = {2005-11-01},
  journaltitle = {American Family Physician},
  shortjournal = {Am Fam Physician},
  volume = {72},
  number = {9},
  eprint = {16300039},
  eprinttype = {pmid},
  pages = {1775--1780},
  issn = {0002-838X},
  langid = {english},
  language = {eng},
  timestamp = {2024-10-02T11:50:06Z}
}

@article{winslow2016MedicationsAlcoholUse,
  title = {Medications for {{Alcohol Use Disorder}}},
  author = {Winslow, Bradford T. and Onysko, Mary and Hebert, Melanie},
  date = {2016-03-15},
  journaltitle = {American Family Physician},
  shortjournal = {Am Fam Physician},
  volume = {93},
  number = {6},
  eprint = {26977830},
  eprinttype = {pmid},
  pages = {457--465},
  issn = {1532-0650},
  langid = {english},
  language = {eng},
  timestamp = {2024-10-02T11:50:24Z}
}

@article{wolf2000PreclinicalClinicalPharmacology,
  title = {Preclinical and Clinical Pharmacology of the 5-{{HT3}} Receptor Antagonists},
  author = {Wolf, H.},
  date = {2000-01},
  journaltitle = {Scandinavian Journal of Rheumatology},
  shortjournal = {Scandinavian Journal of Rheumatology},
  volume = {29},
  pages = {37--45},
  issn = {0300-9742, 1502-7732},
  doi = {10.1080/030097400446625},
  url = {http://www.tandfonline.com/doi/full/10.1080/030097400446625},
  urldate = {2020-03-31},
  issue = {sup113},
  langid = {english},
  language = {en},
  timestamp = {2024-10-02T11:50:03Z}
}

@article{wozniak1991FocalApplicationAlcohols,
  title = {Focal Application of Alcohols Elevates Extracellular Dopamine in Rat Brain: A Microdialysis Study},
  shorttitle = {Focal Application of Alcohols Elevates Extracellular Dopamine in Rat Brain},
  author = {Wozniak, Krystyna M. and Pert, Agu and Mele, Andrea and Linnoila, Markku},
  date = {1991-02},
  journaltitle = {Brain Research},
  shortjournal = {Brain Research},
  volume = {540},
  number = {1-2},
  pages = {31--40},
  issn = {0006-8993},
  doi = {10.1016/0006-8993(91)90489-I},
  url = {http://www.sciencedirect.com/science/article/pii/000689939190489I},
  urldate = {2020-08-15},
  langid = {english},
  language = {en},
  timestamp = {2024-10-02T11:49:59Z},
  file = {ScienceDirect Snapshot:/home/matias/.local/share/zotero/storage/VSS6AVMT/000689939190489I.html:text/html}
}

@article{ye2001OndansetronSelective5HT3,
  title = {Ondansetron: {{A Selective}} 5‐{{HT}}{\textsubscript{3}} {{Receptor Antagonist}} and {{Its Applications}} in {{CNS}}‐{{Related Disorders}}},
  shorttitle = {Ondansetron},
  author = {Ye, Jiang‐Hong and Ponnudurai, Rex and Schaefer, Rebecca},
  date = {2001-06},
  journaltitle = {CNS Drug Reviews},
  shortjournal = {CNS Drug Reviews},
  volume = {7},
  number = {2},
  eprint = {11474424},
  eprinttype = {pmid},
  pages = {199--213},
  issn = {1080-563X},
  doi = {10.1111/j.1527-3458.2001.tb00195.x},
  langid = {english},
  language = {en},
  pmcid = {PMC6741689},
  timestamp = {2024-10-02T11:50:03Z},
  file = {ye2001OndansetronSelective5HT3.pdf:/home/matias/.local/share/zotero/storage/XSVDIKFC/ye2001OndansetronSelective5HT3.pdf:application/pdf;Snapshot:/home/matias/.local/share/zotero/storage/TSWU6876/j.1527-3458.2001.tb00195.html:text/html}
}

@article{yoshimoto1992AlcoholStimulatesRelease,
  title = {Alcohol Stimulates the Release of Dopamine and Serotonin in the Nucleus Accumbens},
  author = {Yoshimoto, K. and McBride, W.J. and Lumeng, L. and Li, T.-K.},
  date = {1992-01},
  journaltitle = {Alcohol},
  shortjournal = {Alcohol},
  volume = {9},
  number = {1},
  pages = {17--22},
  issn = {0741-8329},
  doi = {10.1016/0741-8329(92)90004-T},
  url = {http://www.sciencedirect.com/science/article/pii/074183299290004T},
  urldate = {2020-08-15},
  langid = {english},
  language = {en},
  timestamp = {2024-10-02T11:49:59Z},
  file = {ScienceDirect Snapshot:/home/matias/.local/share/zotero/storage/XAXZA46E/074183299290004T.html:text/html}
}

@article{zorzela2016PRISMAHarmsChecklist,
  title = {{{PRISMA}} Harms Checklist: Improving Harms Reporting in Systematic Reviews},
  shorttitle = {{{PRISMA}} Harms Checklist},
  author = {Zorzela, Liliane and Loke, Yoon K and Ioannidis, John P and Golder, Su and Santaguida, Pasqualina and Altman, Douglas G and Moher, David and Vohra, Sunita and family=Group, given=PRISMA, given-i=PRISMA, prefix=harms, useprefix=false},
  date = {2016-02-01},
  journaltitle = {BMJ},
  shortjournal = {BMJ},
  volume = {352},
  eprint = {26830668},
  eprinttype = {pmid},
  pages = {i157},
  publisher = {British Medical Journal Publishing Group},
  issn = {1756-1833},
  doi = {10.1136/bmj.i157},
  url = {https://www.bmj.com/content/352/bmj.i157},
  urldate = {2024-10-02},
  langid = {english},
  language = {en},
  timestamp = {2024-10-02T11:50:24Z},
  file = {zorzela2016PRISMAHarmsChecklist.pdf:/home/matias/.local/share/zotero/storage/96PHIT5Y/zorzela2016PRISMAHarmsChecklist.pdf:application/pdf}
}
